2820 4992
429 457 721 514 PRAEFA'MO.
1003 459 1110 516 xxm

75 579 358 668 controversiae
381 577 686 703 cognitorque
711 605 857 664 causae
875 573 1020 665 lector
1038 576 1112 666 ad·

75 727 286 820 hiberetur.

110 883 344 970 Poetarum
357 878 688 991 recentiorum,
711 908 820 966 sane
834 895 1111 992 nostratum,

72 1029 185 1119 multa
199 1028 321 1142 loca,
338 1059 439 1152 quae
454 1025 719 1116 Catullianis
731 1023 936 1115 versibus
949 1058 1113 1152 cogna-

73 1181 166 1268 tione
185 1177 387 1304 quadam
407 1177 613 1301 proxime
637 1175 883 1290 accedunt,
904 1173 1114 1300 apposui-

72 1360 165 1444 mus3
194 1357 296 1454 quae
327 1329 364 1418 si
392 1358 659 1418 coacervare
688 1323 820 1415 nobis
848 1325 1112 1448 placuisset,

72 1477 167 1569 hunc
192 1477 367 1572 librum
394 1509 650 1567 excrescere
675 1478 724 1564 in
751 1475 923 1565 molem
946 1478 1116 1601 impro-

72 1625 152 1721 bam
174 1629 304 1721 facile
327 1628 426 1722 fuit.
450 1627 676 1719 Laborem
696 1660 802 1718 vero
822 1662 847 1717 a
868 1629 1117 1750 clarissimo

72 1782 282 1872 viroNoru
297 1799 576 1902 occupatum
591 1781 754 1868 iterare
770 1777 842 1866 vel
855 1776 1015 1904 furari,
1035 1814 1117 1871 no·

72 1924 173 2020 bisin
186 1935 393 2022 animum
405 1961 500 2017 non
514 1926 794 2042 induximus3
812 1928 941 2048 cujus
952 1933 1118 2020 versio-

71 2111 155 2169 nem
175 2079 460 2172 laudavimus
484 2076 688 2192 abunde,
712 2111 859 2202 quum
883 2101 1118 2170 auctorem

70 2233 396 2321 nominavimus.
418 2227 505 2319 Sed
524 2226 732 2354 quaedam
750 2227 816 2316 illi
834 2231 1000 2320 omissa·
1018 2265 1117 2353 pas·

71 2381 136 2468 sim
153 2379 439 2506 collegimus3
456 2395 615 2470 caetera
635 2377 797 2468 talium
816 2375 1026 2470 studiosis
1042 2381 1117 2472 ille

71 2525 105 2614 in
117 2530 263 2653 amplo
284 2561 368 2618 suo
384 2527 600 2618 thesauro
619 2530 871 2652 composita
885 2528 1117 2654 praebebit.

117 2682 204 2768 Nos
236 2676 489 2802 poenitebat
521 2674 668 2800 quod,
697 2698 890 2804 urgente
921 2681 1119 2807 impigro

71 2827 355 2920 Classicorum
379 2827 574 2942 editore,
601 2829 800 2950 spatium
822 2860 918 2917 nou
934 2827 1119 2920 daretur

71 2976 115 3064 ad
135 2976 431 3069 conferendos
454 2978 789 3098 manuscriptos
812 2975 953 3068 libros
972 2982 1051 3103 qui
1070 2981 1119 3067 in

71 3121 329 3236 bibliotheca
362 3128 487 3253 regia
513 3146 772 3241 servantur,
798 3125 913 3216 duos
940 3149 1121 3218 tantum
1179 3187 1182 3200 -

73 3278 258 3368 evolvere
291 3276 442 3390 licuit,
475 3309 623 3364 unum
653 3277 873 3400 sequioris
900 3297 1020 3366 notae
1051 3283 1094 3370 N
1097 3295 1123 3371 ‚⁰

75 3425 177 3548 7989
191 3429 355 3552 quinto
374 3423 552 3514 decimo
572 3425 735 3514 saeculo
749 3446 1006 3541 exaratum,
1021 3428 1125 3517 alte-

73 3601 163 3663 rum
179 3577 494 3688 vetustiorem,
516 3595 562 3664 at
583 3576 719 3662 nimis
737 3573 1057 3701 mendosum¹3
1081 3600 1125 3668 et
1249 3651 1251 3658 .

120 3837 196 3911 'cui
212 3843 283 3913 haec
304 3843 348 3912 ad
365 3841 490 3913 calcem
511 3841 696 3937 adscripta:

124 3964 214 4046 «Tu,
234 3962 341 4033 lector
361 3964 566 4057 quicunque,
593 3961 635 4031 ad
662 3961 756 4056 cujus
779 3985 896 4032 manus
918 3965 972 4033 hic
994 3964 1123 4039 libellus

78 4073 241 4169 obvenerit,
258 4083 413 4176 scriptori
425 4081 468 4151 da
478 4083 625 4168 veniam,
640 4084 666 4151 si
682 4082 741 4166 tihi
754 4098 931 4178 corruptus
945 4085 1123 4172 videbitur,

80 4199 216 4284 quoniam
226 4203 503 4295 acorruptissimo
515 4199 697 4296 exemplari
707 4202 937 4296 transscripsit.
946 4203 1023 4274 Non
1034 4209 1123 4324 epim
