2820 4992
434 438 727 520 raurxrro.
1057 465 1133 522 xxr

75 583 151 673 huc
160 579 379 693 afferam,
391 576 619 704 dequibus
629 577 1136 673 disertissimusRhetor

74 733 184 824 haud
205 732 439 821 immerito
462 732 778 852 pronuntiavit
800 765 812 818 ε
833 731 927 822 tce
951 752 1056 821 sont
1075 730 1135 824 de

76 886 194 1006 petits
210 879 569 995 chels-d’oeuvre,
583 883 648 971 oh
665 881 698 969 il
716 883 793 1004 n’y
810 913 933 1005 apas
949 915 1015 972 un
1029 904 1132 996 mot

76 1035 142 1156 qui
169 1066 227 1122 ue
256 1032 344 1120 soit
368 1031 604 1153 precieux,
635 1031 751 1120 mais
776 1029 891 1154 'qu'il
916 1050 985 1120 est
1014 1034 1136 1124 aussi

76 1178 321 1306 impossible
344 1179 595 1304 d'analyser
619 1213 708 1304 que
733 1177 791 1269 de
816 1178 1032 1270 traduire.
1058 1185 1136 1272 On

75 1319 221 1418 definit
251 1327 459 1418 d'autant
490 1326 641 1416 moins
673 1326 718 1416 la
749 1359 885 1453 grace
919 1331 1060 1451 qu'on
1089 1329 1135 1419 la

19 1485 20 1490 '
75 1501 163 1568 sent
186 1477 354 1570 mieux.
382 1476 510 1570 Celui
532 1479 614 1602 qui
636 1510 806 1600 pourra
834 1476 1071 1603 expliquer
1091 1480 1137 1570 le
1165 1545 1168 1550 -

76 1628 247 1720 channe
273 1627 352 1717 des
374 1625 581 1755 regardS,
605 1625 669 1719 du
691 1629 889 1741 sourire,
914 1625 970 1718 de
993 1628 1038 1718 la
1059 1628 1136 1719 de-

75 1779 247 1870 marche
286 1778 422 1867 d'une
462 1775 631 1866 femme
670 1773 899 1890 aimahle,
939 1778 1133 1870 celui-lh

75 1952 230 2049 pourra
248 1927 484 2052 expliquer
501 1925 544 2016 le
564 1925 748 2023 charme
769 1922 847 2015 des
860 1959 963 2016 vers
978 1926 1033 2017 de
1053 1931 1136 2022 Ca-

76 2077 236 2168 tullec»
258 2079 388 2193 Quos
407 2077 579 2166 eximiae
594 2076 763 2164 mentis
777 2053 1133 2196 jucundissimos

76 2225 216 2342 foetuS,
242 2229 323 2352 qui
345 2258 532 2349 prorsus
557 2224 800 2316 Catulliani
825 2246 955 2342 suut,
982 2261 1134 2353 neque
1224 2264 1230 2282 ·

75 2379 211 2468 saeculi
232 2375 531 2467 obscoenitate
549 2371 728 2489 infecti,
747 2372 829 2463 uhi
842 2375 1027 2491 videris,
1047 2381 1133 2468 etsi
1161 2417 1168 2431 ⁸
1251 2461 1254 2476 ,

75 2528 179 2616 tristi
202 2524 446 2648 supercilio
469 2554 710 2614 censuram
733 2528 999 2648 susceperis,
1026 2560 1135 2617 eon·
1175 2607 1181 2617 ,

76 2672 157 2766 fido
181 2708 278 2765 non
305 2676 452 2800 magis
479 2649 563 2761 tibi
593 2675 895 2794 constiturum
921 2679 1132 2766 severita-

76 2842 178 2941 tem,
206 2858 347 2951 quam
378 2825 645 2951 gravissimo
671 2822 737 2911 illi
765 2827 1134 2951 areopagitarum
1245 2841 1248 2848 '

77 2977 272 3090 consilio,
301 2974 470 3099 quihus
494 3005 623 3062 ream
650 2970 936 3063 intuentibus
962 2973 1134 3066 formo·

76 3126 284 3217 sissimam
304 3123 504 3214 calculus
523 3119 747 3212 infaustus
766 3120 942 3212 excidit.

128 3277 277 3391 Nunc,
290 3274 347 3365 de
359 3272 541 3368 Catullo
551 3269 765 3395 praelatus
776 3343 789 3387 ,
802 3305 950 3395 pauca
969 3271 1025 3364 de
1043 3275 1132 3366 hac

78 3423 259 3518 editione
281 3424 505 3546 adjiciam.

124 3673 172 3752 Ἤ.
189 3703 219 3772 g.
240 3701 259 3746 e
275 3674 405 3762 multis,
423 3675 537 3743 Canu.
557 3672 669 3760 Ill,V
690 3665 731 3738 ad
750 3664 923 3758 Lesbiam,
938 3673 1074 3742 XXXV
1088 3673 1130 3744 ad

79 3780 249 3872 Caecilium,
269 3784 363 3851 XLV
383 3780 432 3874 de
445 3781 548 3848 Acme
571 3791 605 3846 et
622 3778 802 3872 Septimio,
825 3777 925 3862 LXI,
945 3780 1129 3875 LXlIepi-
1183 3777 1189 3786 ’

78 3883 234 3979 thalamis,
254 3889 419 3958 LXXXV
439 3886 482 3956 de
504 3907 618 3953 amore
641 3885 759 3974 invito,
783 3885 965 3954 LXXXVI
990 3882 1033 3952 de
1056 3886 1129 3955 for-

80 4013 157 4063 mosa
167 4009 229 4065 etc.
244 4007 306 4064 etc.

124 4097 187 4171 'La
205 4105 335 4196 Harpe,
348 4101 457 4170 Cours
478 4098 521 4167 de
533 4092 747 4185 Litte'rature
767 4111 857 4166 tome
868 4097 923 4181 II,
943 4120 1017 4194 pag.
1039 4099 1129 4197 189,

82 4198 145 4274 e'dit.
165 4205 328 4302 d’agasse.
708 4202 712 4220 ’
