2820 4992
260 442 306 524 14
448 409 1150 527 vrsacvincnuoarunm.

304 570 432 640 Graecis
449 567 554 640 literis
573 593 642 640 non
660 557 776 640 leviter
796 569 961 638 imbutum
981 569 1105 658 firisse,
1124 597 1165 639 ex
1188 597 1229 642 eo
1254 573 1353 642 col-¹
1395 601 1396 604 ¹

254 675 311 771 ligi
331 690 465 771 potest,
488 675 580 769 quod
604 677 833 746 suavissimam
859 675 947 744 oden
968 678 1104 771 poetriae
1122 678 1278 772 Sapphus
1297 695 1333 749 et

254 781 449 854 Callimachi
463 780 604 876 elegiam
626 780 668 850 de
687 806 784 852 coma
801 784 995 867 Berenices,
1013 783 1236 854 mundissimis
1254 810 1330 854 car·
1395 771 1396 784 ,

254 890 398 961 minibus
415 887 516 956 latine
534 887 731 974 reddiderim
744 889 789 958 ob
810 887 845 957 id
862 891 961 958 etiarn
984 889 1124 960 fortasse
1141 913 1160 958 a
1175 890 1331 980 Tibullo,
1395 935 1396 938 =

253 995 376 1064 Ovidio
390 1047 410 1080 ‚.
426 993 582 1070 Martiale
611 993 733 1065 doctus
759 993 952 1089 appellatus.
981 997 1026 1064 Et
1051 995 1177 1066 idcirco
1203 999 1332 1066 mirum

252 1102 359 1170 videri
385 1099 504 1188 debet,
528 1089 653 1170 Julium
680 1101 903 1198 Scaligerum,
930 1121 970 1170 ea
989 1103 1099 1170 virum
1121 1101 1333 1190 eruditione,

238 1207 410 1303 ,quodque
430 1231 500 1276 nou
522 1208 697 1278 minimum
715 1223 784 1295 est,
798 1211 1043 1294 Veronensem,
1060 1207 1202 1304 ideoque
1223 1213 1335 1279 muni·

256 1316 322 1410 cipi
343 1335 403 1384 suo
427 1311 629 1384 saltem'boc
647 1317 782 1384 nomine
803 1313 1017 1401 devinctum,
1035 1314 1106 1384 baec
1126 1314 1168 1384 de
1192 1317 1332 1387 Catullo

254 1421 479 1490 monumentis
496 1420 726 1490 mandavisse:
747 1422 883 1492 Catullo
901 1420 991 1490 docti
1013 1445 1137 1490 norrea
1156 1445 1267 1516 quare
1287 1431 1333 1492 sit
1395 1437 1396 1508 j

253 1527 302 1596 ab
315 1531 466 1622 conquir
478 1527 812 1622 nemausumque
825 1527 925 1623 apud
934 1529 1024 1596 altos
1034 1533 1194 1623 comperi,
1209 1553 1334 1624 neque

254 1633 335 1704 dum
350 1638 387 1705 in
402 1649 546 1704 mentem
562 1639 659 1704 venit
670 1633 771 1721 milam
789 1635 875 1704 adel
886 1639 975 1703 enim
986 1657 1057 1720 non
1067 1635 1214 1731 vulgare
1229 1651 1283 1704 est
1297 1643 1334 1706 in

254 1741 328 1834 ejzar
349 1738 466 1809 libris.¹
484 1742 699 1834 Quamquam
717 1754 832 1834 postea
851 1754 981 1810 mutato
1000 1739 1159 1826 consilio,
1181 1743 1238 1834 qui
1257 1767 1334 1811 mos

256 1863 308 1916 est
326 1847 478 1934 homini,
506 1838 695 1934 παλινῳδίαν
723 1870 843 1916 canere
872 1860 1032 1941 cogatur,
1066 1846 1335 1918 Galliambzcum
1395 1853 1396 1940 f

256 1954 326 2047 ejus
341 1977 475 2023 carmen
488 1952 636 2022 divinum
652 1967 845 2039 ennarrans,
861 1967 895 2022 et
913 1973 1032 2047 poema
1049 1952 1093 2022 de
1106 1955 1230 2047 nuptiis
1243 1954 1335 2023 Pelei
1395 1967 1396 1970 ’

256 2085 295 2130 ac
308 2058 485 2146 Thotidos,
505 2083 623 2128 verum
645 2058 771 2128 aditum
792 2073 826 2127 et
844 2056 985 2153 gradum
1008 2058 1051 2128 ad
1065 2059 1221 2128 AEneidos
1245 2061 1334 2128 divi-
1395 2059 1396 2146 s

174 2223 176 2232 ,
256 2168 393 2236 nitatem
424 2190 495 2234 esse
510 2167 758 2259 lpronuntians.
785 2162 906 2236 Nonne
934 2165 1137 2259 probabilius
1164 2166 1206 2234 de
1232 2173 1336 2261 magar
1395 2155 1396 2164 ἵ

257 2288 365 2368 poetae
381 2272 485 2344 nostri
504 2271 679 2341 Coroebus
695 2271 829 2365 Nepos,
851 2274 903 2340 vin
920 2273 1150 2365 gravissimus,
1168 2271 1335 2365 judicium
1395 2273 1396 2284 ’

258 2379 398 2468 tulerat,
414 2403 519 2472 quum
533 2401 588 2448 eas
605 2377 822 2472 arsealr‘quid
834 2376 1123 2473 putabathonne
1137 2379 1335 2474 benignius,
1395 2381 1396 2458 ᾗ

243 2501 291 2564 ‚et
302 2487 423 2580 justius
444 2509 521 2556 cum
540 2485 612 2579 ipso
633 2509 730 2579 egere
751 2486 928 2580 Pompeius
942 2485 1132 2571 Saturnius,
1146 2509 1186 2554 ac
1201 2486 1336 2556 Sentius

258 2593 468 2688 Augurinus,
496 2596 639 2686 quorum
666 2606 826 2685 uterque,
844 2605 929 2660 teste
954 2589 1082 2659 Plinio²
1109 2591 1145 2658 in
1164 2591 1335 2686 epistolis,

259 2698 437 2769 Catulliani
458 2699 613 2768 carminis
634 2698 851 2768 imitationem
875 2697 936 2766 sibi
964 2695 1078 2791 gloriae
1097 2695 1170 2766 fore
1190 2721 1336 2792 augura·

259 2806 390 2874 bantur.
411 2804 476 2874 Sed
493 2805 565 2873 haec
581 2803 660 2873 alias
675 2829 683 2871 :
697 2829 788 2874 nunc
806 2804 863 2891 id,
885 2803 976 2898 quod
990 2805 1167 2898 coepimus,
1185 2828 1334 2899 agamus.

259 2911 484 3000 Quintilianus
508 2925 543 2980 et
566 2909 745 2979 Diomedes
767 2912 853 2979 inter
877 2924 993 3004 poetas
1017 2909 1184 2979 Iambicos
1217 2913 1336 2982 Catul-
1395 2949 1396 2956 ,

260 3020 328 3088 mm
348 3031 524 3113 reponunt.
544 3019 630 3113 Ante
650 3018 824 3086 Horatium
848 3016 1001 3112 profecto
1017 3017 1168 3086 iambicis
1185 3017 1337 3088 versibus

208 3137 213 3158 ¹
261 3125 401 3220 gloriam
425 3124 580 3196 Catullm
592 3122 731 3217 adeptus
748 3123 873 3211 fuerat,
889 3138 928 3192 ut
942 3120 1025 3192 falso
1041 3125 1211 3217 scripserit
1233 3127 1337 3192 Hora·
1395 3105 1396 3116 ,

261 3215 344 3301 tius³
363 3231 416 3298 lib.
436 3233 471 3317 I,
488 3231 592 3324 Epist.
618 3254 682 3325 19,
703 3227 752 3300 23
774 3244 808 3299 ct
824 3233 894 3316 ad.

304 3419 329 3452 1.
340 3399 372 3450 In
383 3397 587 3468 Hypercritico,
600 3415 647 3449 seu
660 3395 774 3460 lib.v1,
817 3389 885 3450 electe
891 3393 1025 3448 intendit:
1034 3397 1096 3448 seulr
1104 3396 1165 3447 dans
1174 3397 1236 3449 leurs
1242 3393 1335 3450 ductes

261 3477 388 3552 poetices,
393 3477 548 3542 c.6.-Qui
553 3473 662 3530 doctum
668 3488 774 3548 poetam
816 3494 873 3528 cers
888 3477 918 3528 its
923 3487 1110 3546 pourromvous
1120 3476 1269 3546 apprendre,
1281 3489 1333 3530 etc.

262 3570 347 3630 poetae
363 3557 542 3629 appellavere,
560 3575 592 3613 eo
610 3556 722 3608 nomine
741 3556 773 3609 il·
818 3559 876 3609 Art.
888 3567 963 3626 poet.
974 3557 1015 3610 Ite
1030 3555 1089 3612 Cat.
1101 3558 1157 3626 ipse
1165 3557 1332 3626 xxxV,17.

261 3640 316 3692 lum
334 3636 479 3690 laudabant
499 3633 573 3707 quod
594 3635 696 3707 peritus
711 3637 776 3689 artis
862 3656 887 3689 a.
901 3635 961 3689 Lib.
979 3637 1007 3701 I,
1025 3635 1135 3707 epistola
1154 3641 1204 3702 163
1218 3636 1267 3689 lib.
1282 3637 1335 3698 IV,
1395 3651 1396 3660 ¹

262 3738 328 3783 suae,
344 3717 462 3790 egregius
475 3716 624 3768 carminum
636 3713 776 3780 conditor,
819 3716 931 3787 epistola
948 3734 994 3785 ²7·

263 3797 358 3852 doctus
366 3810 439 3850 vates
448 3807 524 3860 esset,
533 3793 621 3848 utnon
630 3806 724 3866 utpote
733 3795 777 3846 in·
863 3793 978 3848 &Valde
986 3791 1165 3864 dubitandum
1174 3787 1338 3858 est,anH0·

263 3878 336 3949 genti
362 3875 524 3929 eruditionis
547 3874 712 3944 supellectile
735 3874 777 3927 iu·
821 3873 1019 3928 ratiuslaurlem
1028 3873 1336 3938 volueritimsetrabere,

265 3970 408 4021 structum,
427 3969 468 4022 et,
484 3954 662 4026 Scaligeriano
685 3971 777 4016 more,
823 3951 897 4025 quod
907 3953 1008 4008 caeteris
1021 3953 1165 4026 praeivisset
1176 3953 1247 4026 apud
1265 3955 1336 4006 Lati-

266 4035 453 4109 praetumidum
479 4033 622 4088 audebant·
642 4034 777 4087 extollere.
800 4035 801 4040 ’
823 4053 873 4088 nos
891 4034 1041 4087 iamborum
1057 4047 1167 4087 auctor:
1184 4050 1299 4105 namque
1311 4046 1337 4085 et

266 4117 305 4169 Ita
317 4127 407 4170 noster
420 4115 523 4168 Boluue
532 4115 656 4186 gallicum
668 4115 780 4184 verbum
825 4127 886 4168 ante
900 4115 1036 4168 Catullum
1048 4114 1126 4167 multi
1140 4115 1192 4167 boc
1212 4113 1336 4168 carminis
1395 4107 1396 4112 ’
