2820 4992
289 443 330 514 18
478 442 550 538 [DE
579 442 617 508 C.
636 441 873 508 VALERIO
901 443 1148 513 CATULLO
1347 461 1352 472 '

534 595 643 678 Idem,
661 594 716 664 lib.
734 595 808 664 eod.
826 597 924 690 Eleg.
945 595 1006 684 25,
1026 597 1085 693 87.
1278 544 1281 566 Ι

331 769 410 833 Haec
429 787 561 858 quoque
584 761 696 832 lascivi
715 770 892 832 cantarunt
909 765 1031 858 scripta
1052 768 1180 835 Catulli

382 870 507 938 Lesbta
521 869 613 961 queis
633 870 705 962 ipsa
724 871 835 937 notior
853 884 903 938 cst
923 868 1058 939 Helena.

411 1034 560 1120 Oualla,
580 1031 635 1102 ttb.
652 1037 717 1103 III
730 1037 915 1121 Amorum,
938 1037 1065 1131 Elegea
1084 1061 1129 1132 9,
1149 1038 1208 1108 61.

328 1197 457 1266 Obvius
477 1197 555 1265 huic
576 1197 708 1283 venias,
725 1194 848 1264 hedera
865 1197 1023 1290 juvenilia
1043 1201 1171 1268 cinctus

307 1307 310 1312 '
378 1306 562 1397 Tempora,
584 1323 661 1370 cum
682 1299 809 1390 Calvo,
826 1303 926 1372 docte
944 1306 1092 1390 Catulle,
1109 1320 1176 1374 tuo.
1209 1388 1214 1396 Ι

498 1470 613 1554 Idem,
637 1467 722 1538 libro
741 1464 815 1537 eod.
837 1469 936 1564 Eteg.
968 1467 1034 1558 15,
1057 1486 1089 1565 7.

325 1643 464 1708 Mantua
480 1636 620 1732 Virgilio
643 1636 788 1733 gaudet,
802 1641 942 1706 Verona
968 1639 1113 1710 Catullo.

432 1815 527 1884 Idem
536 1868 547 1899 ,
569 1814 625 1883 lib.
643 1819 688 1882 II
701 1818 871 1900 Taetrum,
889 1838 938 1882 vs.
960 1818 1035 1909 427
1056 1830 1092 1882 et
1107 1839 1180 1908 sqq.

325 1983 378 2050 Sic
397 2003 456 2048 sua
473 1979 596 2048 lascivo
614 1992 746 2047 cantata
764 1991 813 2046 est
833 2003 920 2071 saepe
939 1977 1075 2048 Catth

376 2086 531 2167 Femina,
550 2085 604 2154 cui
625 2082 743 2152 falsum
760 2083 887 2154 Lesbia
905 2108 1028 2152 nomen
1046 2098 1127 2152 erat.

323 2196 392 2261 Nec
410 2204 586 2260 contentus
607 2213 663 2272 ca,
682 2187 804 2258 multos
822 2187 971 2284 vulgavit
992 2214 1141 2277 amores,

376 2300 417 2366 In
437 2295 555 2390 quibus
572 2297 642 2390 ipse
664 2321 759 2364 suum
782 2294 886 2364 fassus
909 2294 1105 2364 adulterium
1129 2310 1187 2366 est.
1282 2351 1285 2356 ,

299 2475 447 2543 Velleius
461 2471 678 2556 Paterculas‚
702 2473 867 2538 Hirtorioe
882 2473 976 2538 Hom.
997 2469 1055 2538 lib.
1076 2475 1134 2556 ΙΙ,
1155 2495 1233 2565 cap.
1255 2468 1320 2542 36.
1369 2509 1373 2520 ·

325 2641 411 2729 Quis
429 2640 516 2708 enim
535 2639 685 2732 ignorat,
698 2634 880 2729 diremptos
898 2635 1054 2729 gradibus
1073 2638 1176 2706 aetatis
1191 2635 1348 2706 floruisse

270 2747 336 2816 hoc
352 2762 501 2840 tempore
518 2744 734 2828 Ciceronem,
750 2743 963 2810 Hortensium
974 2785 1116 2807 ......
1124 2757 1349 2837 auctoresque

271 2854 455 2922 carminum
462 2853 649 2919 Varronem
664 2872 704 2916 ao
718 2850 925 2931 Lucretium,
941 2871 1048 2941 neque
1063 2848 1131 2918 ullo
1145 2850 1179 2916 in
1197 2854 1348 2944 suscepti

212 2956 215 2960 ’
272 2961 380 3053 operis
399 2960 448 3026 sui
467 2956 613 3026 carmine
631 2957 793 3022 minorem
814 2954 1015 3026 Catullum?

468 3133 517 3198 M.
536 3131 668 3199 Seneca
683 3127 809 3210 rhetor,
828 3128 1064 3196 Controversia
1085 3151 1139 3224 19.

324 3305 406 3369 Erat
429 3299 517 3366 enim
543 3289 705 3387 (Calvus)
731 3294 888 3390 parvulus
916 3310 1065 3380 statura,
1091 3311 1230 3390 propter
1250 3299 1345 3390 quod

272 3410 371 3478 etiam
389 3404 542 3476 Catullat
558 3403 592 3470 in
608 3385 895 3494 Hendecasyli'abis
910 3409 1008 3470 ‘vocat
1022 3399 1115 3470 illum
1128 3404 1344 3496 salaputium

269 3515 439 3584 disertam.

324 3614 424 3708 (th.
443 3638 581 3683 carmen
602 3605 724 3681 Catulli
743 3604 855 3702 LIII.)

270 3803 310 3868 L.
320 3789 687 3886 Seaeoaplu'losopltas,
696 3794 731 3856 tn
738 3789 1032 3883 Apoooloayrztosi
1039 3781 1340 3860 Claadt't'Oaesctrte.

322 3955 392 4030 Nec
411 3981 522 4043 mora,
536 3953 716 4051 ‘Cyllenius
737 3954 828 4023 illum
851 3953 936 4024 coilo
955 3951 1088 4024 obtorto
1106 3956 1208 4025 trahit
1226 3937 1269 4025 id
1290 3960 1339 4024 in-

268 4071 373 4153 ieros,
