2820 4992
302 526 320 568 2
659 497 930 566 PRAEFATIO

232 695 234 702 ·
298 656 438 752 quadam
458 653 627 724 alacritate
648 652 797 751 implevit
813 657 972 726 animum.
992 637 1063 726 Nec
1077 658 1253 728 retundere
1268 685 1363 729 cona·

298 806 350 860 tus
368 814 459 859 meos
475 787 528 858 vel
546 789 693 860 animum
711 787 892 884 infringere
905 791 1015 886 potuit
1031 789 1223 861 vociferatio
1237 815 1365 880 eorum,

297 924 354 1019 qui
381 922 522 991 lectione
545 919 667 992 Catulli
687 923 814 993 animos
831 922 993 1016 juvenum
1015 926 1186 1018 corrumpi
1207 938 1241 995 et
1263 925 1366 994 bonos

298 1081 415 1126 eorum
426 1080 536 1125 mores
553 1055 728 1150 depravari
742 1068 880 1151 crepant
893 1069 927 1124 et
940 1023 1130 1145 clamitant3
1145 1081 1248 1150 quum
1263 1057 1317 1126 vel
1332 1083 1366 1126 ca

297 1189 340 1258 ad
362 1179 559 1285 suscepturi
577 1185 725 1256 laborem
747 1185 972 1256 excusandum
996 1186 1149 1257 sufficere
1175 1181 1367 1268 'videantun

299 1346 372 1416 quae
393 1334 461 1388 tam
480 1322 634 1410 Heyniur
651 1320 686 1386 in
700 1317 828 1411 praelat.
852 1317 895 1387 ad
908 1316 1027 1387 Tibull.
1047 1316 1123 1388 edit
1138 1320 1255 1415 prim,
1273 1346 1367 1416 quam

298 1454 461 1526 Bartlziur
486 1457 520 1520 iu
545 1450 671 1546 praefat.
697 1450 739 1518 ad
761 1451 972 1545 Propertium
990 1454 1122 1548 egregie
1142 1454 1194 1523 his
1217 1455 1368 1548 objectio

299 1589 395 1658 nibus
412 1584 674 1680 responderunt,
694 1598 729 1653 et
742 1585 882 1678 juvenes
901 1610 1062 1660 venerum
1078 1589 1285 1682 poeticarum
1302 1603 1368 1657 stu·

299 1720 410 1790 diosos
432 1718 552 1824 adeps
573 1737 705 1812 quoque
727 1730 865 1812 poetas,
887 1719 944 1811 qui
965 1719 1000 1786 in
1021 1719 1121 1788 rebus
1143 1718 1322 1790 levioribus
1340 1735 1369 1788 et

181 1921 183 1932 ,
249 1843 253 1851 ’
299 1853 467 1924 amatoriis
498 1853 668 1946 ingenium
690 1866 934 1938 exercuerunt,
959 1853 1061 1949 animi
1087 1867 1121 1922 et
1145 1852 1369 1924 delectationis

300 2011 399 2059 causa
417 1999 494 2081 post
510 1984 619 2055 studia
633 1985 786 2078 graviora
799 1997 833 2054 et
848 1985 1014 2054 severiora
1028 1984 1241 2073 lectitandos,
1259 1989 1370 2082 quovis

300 2122 514 2192 incitamento
547 2116 730 2187 allexerunt
765 2132 800 2186 et
825 2095 1015 2187 incitarunt.
1044 2119 1199 2208 Quorum
1227 2121 1370 2189 virorum

301 2268 498 2349 argumenta
531 2223 594 2320 nisi
631 2249 833 2320 satisfaciant
864 2248 1084 2344 superciliosis
1118 2250 1318 2345 quibusdam
1343 2267 1371 2321 et

302 2387 536 2483 superstitiosis
555 2409 688 2454 morum
709 2383 926 2470 censoribus,
949 2408 1010 2478 per
1032 2408 1086 2452 me
1108 2381 1187 2454 licet
1207 2384 1370 2454 Catullum

304 2537 337 2590 et
354 2535 491 2591 caeteros
512 2533 647 2616 poetas,
667 2541 751 2612 quos
770 2530 892 2586 vocant
906 2515 1072 2602 lubricos,
1091 2493 1152 2588 ceu
1169 2533 1299 2613 pestem
1318 2519 1372 2588 de-

215 2735 219 2750 ⁸
305 2654 474 2725 testandos
494 2668 528 2723 et
538 2635 696 2725 Vulcano
709 2651 821 2747 potius
840 2675 940 2745 quam
953 2651 1115 2744 juvenum
1137 2651 1292 2722 manibus
1313 2668 1372 2721 tra-

305 2789 431 2858 dendos
459 2812 522 2882 pro
550 2788 646 2882 genio
673 2798 714 2853 et*
733 2809 831 2854 sensu
852 2808 912 2853 suo
935 2797 1113 2872 censeant3
1139 2808 1223 2878 quos
1244 2799 1373 2869 tamen,

307 2920 469 3016 quidquid
486 2921 540 2990 isti
557 2920 724 3014 garriant,
744 2917 832 2986 salva
850 2917 1025 2987 honestate
1039 2931 1073 2986 et
1092 2941 1225 2986 morum
1244 2917 1374 3012 integri-

306 3069 397 3143 tate,
413 3053 573 3149 quamdiu
595 3052 704 3122 honor
724 3075 802 3120 suus
824 3051 930 3121 Musis
952 3049 1070 3136 stabit,
1091 3063 1125 3118 et
1140 3064 1254 3119 nostra
1277 3065 1312 3120 et
1330 3049 1373 3118 lu·

280 3190 283 3200 ’
307 3203 383 3258 tura
410 3199 506 3256 aetate
532 3209 654 3280 magno
681 3207 758 3252 curu
780 3183 892 3253 fructu
919 3196 953 3250 et
978 3181 1150 3277 voluptate
1177 3181 1322 3252 lecturos
1347 3195 1374 3250 et

308 3319 600 3392 commendaturos
618 3329 688 3387 esse
706 3341 821 3386 omnes
838 3317 981 3410 antiquae
998 3313 1168 3412 elegantiae
1184 3330 1218 3384 et
1233 3331 1374 3385 venusta-

310 3456 351 3524 tis
366 3437 569 3548 spectatores
583 3447 693 3517 nullus
707 3448 833 3518 dubito.
847 3449 1009 3517 Versatur
1023 3462 1135 3517 autern
1145 3473 1218 3518 sum
1229 3448 1264 3516 in
1273 3471 1366 3518 recen

310 3587 416 3659 sendo
428 3601 462 3655 et
476 3583 671 3680 explicando
685 3580 817 3652 Catullo
833 3583 893 3669 ita,
908 3595 946 3650 ut
957 3582 1122 3676 primum,
1136 3596 1299 3676 quantum
1313 3579 1375 3649 fieri

310 3735 439 3818 posset,
467 3732 592 3787 textum
621 3685 735 3784 darem
762 3712 1081 3803 emendatissimum,
1103 3714 1222 3783 deinde
1249 3735 1375 3784 sensum

311 3856 460 3926 locorum
482 3851 701 3921 obscurorum
720 3848 865 3916 breviter
881 3844 1113 3942 explanarem,
1132 3861 1248 3916 ettam
1263 3847 1376 3942 exqui-

313 3991 439 4058 sitiores
457 3983 510 4055 vel
529 3982 757 4053 insolentiores
778 3980 933 4075 loquendi
952 3980 1076 4050 formas
1092 3995 1261 4069 notarem,
1282 4003 1376 4074 quam

313 4120 354 4190 ad
371 4119 535 4190 notandas
549 4113 693 4211 singulas
709 4127 816 4209 poetae
834 4113 973 4182 virtutes
989 4127 1022 4180 et
1037 4111 1216 4207 elegantias
1234 4114 1376 4182 animum
