2820 4992
87 389 1148 414 mmmmm

92 661 163 818 e.
201 553 638 865 racemi
669 661 1144 821 caruem
1195 891 1205 914 „

494 993 715 1117 VITA

171 1221 179 1234 ι
268 1282 335 1350 EX
363 1278 632 1349 EDITIONE
659 1271 957 1352 vurmatia

349 1518 855 1557 ψ

87 1703 287 1821 Vsnraro
303 1750 502 1817 Carunno
518 1749 638 1838 Quinti
646 1769 837 1840 praenomen
851 1743 968 1814 tribuit
979 1748 1145 1844 Iosephus

86 1854 235 1950 Scaliger,
262 1853 504 1948 corruptissimi
523 1850 587 1922 loci
606 1854 803 1921 auctoritate
827 1851 953 1940 fretus,
972 1877 1012 1922 ex
1030 1853 1145 1950 Elegia

85 1960 120 2028 ad
136 1963 294 2047 ianuam,
313 1983 342 2026 v.
366 1983 408 2028 ra
426 1971 587 2028 :testatus
605 1951 783 2052 praeterea,
802 1959 885 2027 sein
904 1960 1041 2054 antiquo
1059 1959 1144 2032 libro

84 2067 184 2136 lacobi
204 2067 335 2160 Cujacii
357 2068 385 2134 J.
417 2066 455 2133 C.
481 2065 527 2133 ita
550 2065 710 2158 scriptum
735 2064 910 2134 manifesto
933 2068 1143 2161 comperisse.

85 2173 157 2244 Huic
174 2171 335 2267 Scaligeri
354 2170 560 2265 persuasioni
574 2170 705 2263 pondus
725 2170 818 2239 addit
836 2173 981 2241 Ioannes
996 2172 1144 2243 Hardui-
1259 2172 1262 2178 ’

84 2301 151 2362 nus,
174 2281 230 2373 qui
259 2273 323 2366 (ad
344 2276 467 2346 librum
487 2278 674 2346 XXXVIII
695 2279 770 2344 Nat.
798 2278 951 2347 Historiae
978 2281 1019 2348 C.
1046 2278 1143 2350 Plinii

83 2384 208 2454 Secundi
233 2409 309 2479 cap.
333 2377 388 2472 6.)
415 2382 581 2471 affirmat,
607 2383 641 2450 in
668 2381 821 2451 omnibus
848 2383 1019 2454 codicibus
1042 2409 1144 2456 mauu

84 2493 207 2560 exaratis
231 2487 403 2561 Catullum
430 2491 592 2582 chiztum
615 2488 783 2584 appellari.
813 2491 1003 2560 Consensus
1032 2506 1144 2562 tamen

83 2598 302 2684 emditorum‚
329 2611 429 2690 atque
457 2595 616 2665 editiones
643 2619 737 2690 paeue
766 2620 881 2665 omnes
908 2595 1141 2692 refragantur:

83 2704 187 2794 quibus
208 2702 291 2774 olim
311 2704 486 2798 praeiverat
511 2691 552 2770 L.
580 2700 737 2796 Apuleius
768 2701 1020 2792 Madaurensis‚
1040 2729 1145 2799 quum

82 2807 109 2874 in
127 2809 286 2906 Apologia
310 2811 422 2903 priore
442 2808 626 2877 carminum
650 2808 871 2902 quorumdam
894 2833 1030 2878 suorum
1056 2810 1146 2881 lasci·

81 2915 155 2984 viam
179 2921 258 2989 Caii
281 2917 410 2987 Catulli
424 2913 627 2984 nobilissimo
645 2913 798 3008 exemplo
817 2913 975 2985 defendit.
993 2917 1038 2986 Et
1053 2933 1143 2988 certe

81 3015 187 3090 librarii
208 3037 360 3109 veteres,
375 3023 547 3090 nominum
564 3017 775 3090 similitudine
800 3021 948 3116 decepti,
973 3025 1143 3094 Garumna

81 3126 201 3198 Poetam
229 3154 309 3199 cum
341 3129 476 3200 Catullo
504 3151 590 3220 saepc
618 3127 849 3198 confundunt:
865 3128 989 3198 idcirco
1018 3129 1141 3200 factum

81 3235 225 3317 existimo,
238 3250 279 3304 ut
293 3259 397 3328 quum
409 3232 454 3302 illi
466 3237 611 3325 Quantus
622 3258 815 3328 praenomen
824 3233 939 3320 fuerit,
948 3235 1027 3305 huic
1042 3238 1140 3305 etiam

82 3337 151 3408 idem
173 3340 396 3434 affingerent.¹
412 3343 639 3410 Veronensem
661 3365 763 3435 porro
781 3339 880 3409 fuisse
894 3356 1045 3410 nostrum
1062 3367 1139 3436 poe·

116 3542 137 3574 1.
156 3526 230 3578 Alius
253 3539 324 3578 certe
342 3526 447 3594 Quintus
469 3523 579 3577 Catullm
623 3525 721 3596 dequo
735 3524 866 3580 videndus
878 3523 1037 3580 scholiastes
1049 3525 1137 3579 adJu-

82 3600 135 3668 luit,
146 3608 220 3676 cujus
235 3605 369 3675 integrum
384 3623 482 3656 nomen
499 3605 578 3672 Quin·
623 3605 711 3658 venel,
722 3605 803 3670 VIII,
821 3606 890 3671 186,
903 3605 937 3659 ad
947 3607 1041 3672 verba,
1054 3631 1065 3653 ι
1077 3607 1136 3658 Cla-

82 3692 111 3730 tus
123 3685 228 3738 [suracim
246 3685 371 3748 Catullm,
387 3684 504 3737 urbanus
523 3685 579 3736 sive
623 3703 728 3737 mosum
740 3703 831 3754 ageres
840 3697 869 3738 ut
878 3685 990 3738 Phasma
1004 3686 1132 3751 Catulli;·

81 3761 226 3825 urbicarius,
237 3765 291 3816 hoc
303 3777 353 3830 est,
365 3763 579 3834 mimographus,
623 3777 649 3816 et
661 3762 694 3816 ad
706 3764 784 3822 ΧΙΙΙ,
796 3765 934 3832 suo-Q.
946 3764 1043 3820 Catulli
1052 3757 1063 3782 “
1071 3765 1134 3834 Epi·

103 3906 142 3961 'Q.
152 3911 221 3958 (Iaculi,
235 3901 275 3951 nein
287 3912 365 3957 acuti,
378 3912 470 3950 erhibeut
481 3912 616 3962 probatissima
625 3909 685 3950 Gellii
698 3909 823 3992 grsmplaria.
834 3911 870 3949 llic
885 3919 913 3948 est
925 3912 948 3958 Q.
962 3909 1052 3948 Lutatius
1063 3908 1133 3948 Catul-

83 3968 116 4016 lus,
127 3974 181 4015 Ilm-ii
196 3980 216 4016 in
226 3978 329 4020 consulatu
341 3978 427 4032 collega,
442 3979 518 4028 dequo
533 3979 556 4016 G·
569 3977 589 4017 J,
598 3977 678 4016 Vossius
689 3991 709 4014 ιιι
720 3977 777 4017 libris
788 3979 813 4016 ds
827 3977 892 4016 Poscis
905 3985 924 4014 et
935 3975 1034 4015 historicis
1047 3975 1082 4016 lat.
1095 3977 1134 4016 dis·
1192 3997 1195 4004 ¹

84 4040 138 4076 seruit
147 4041 172 4084 tt,
