2820 4992
242 509 892 584 FRlD.GUlL.DOERlNGll.
955 500 995 556 1'
1081 511 1145 581 32

51 672 247 744 adverterem.
267 669 370 762 Quod
391 671 492 765 igitur
513 667 557 740 ad
579 669 726 764 primum
748 667 887 755 attinet,
912 695 982 740 non
1002 695 1104 742 unam

51 801 210 874 alteramve
231 803 432 890 editionem,
454 801 497 872 ad
520 825 620 896 quarn
638 814 766 870 textum
788 800 906 872 excudi
930 827 1105 894 curarem,

51 952 189 1031 sequutus
204 961 281 1007 sum
293 931 454 1022 (animum
469 936 577 1021 enim,
591 959 633 1004 ex
647 959 714 1028 quo
729 947 857 1004 textum
871 933 915 1004 ad
927 935 1104 1008 editionem
1168 939 1174 956 '

50 1070 242 1162 bipontinam
258 1067 527 1140 condemnaturus
542 1091 650 1154 eram,
665 1081 699 1136 et
717 1065 786 1136 fere
804 1067 847 1136 ab
862 1068 956 1138 initio
970 1063 1104 1142 confor-

51 1203 134 1287 mavi,
152 1203 271 1297 ineptis
285 1201 408 1296 passim
427 1213 461 1270 ct
479 1221 598 1296 parum
617 1197 844 1296 probabilibus
863 1201 897 1269 in
916 1200 971 1271 illa
988 1202 1105 1300 depre÷

51 1331 142 1404 bensis
159 1333 378 1418 lectionibus,
402 1333 529 1402 mutavi
545 1325 686 1422 deinde)
708 1330 766 1401 sed
782 1357 822 1402 ex
836 1336 979 1429 antiquis
997 1352 1032 1407 et
1046 1361 1108 1433 po
1192 1341 1193 1350 ’

51 1467 170 1538 tioribns
184 1466 385 1537 editionibus
400 1467 434 1535 in
446 1466 570 1536 Variet.
587 1468 679 1534 Lect.
693 1464 862 1552 indicatis,
880 1486 936 1538 eas
953 1469 1061 1566 delegi
1075 1486 1109 1542 et

51 1598 213 1669 intextum
232 1600 345 1694 recepi
363 1596 540 1686 lectiones,
561 1621 635 1692 quae
654 1595 706 1666 vel
729 1600 879 1692 proxime
898 1601 940 1670 ad
961 1603 1108 1698 antique

51 1727 179 1802 lectionis
195 1731 339 1802 formam
354 1729 532 1817 accedere,
551 1727 604 1798 vel
620 1729 668 1799 rei
685 1733 860 1825 sensuique
874 1737 1106 1806 accommoda·
1226 1792 1231 1801 .

51 1863 165 1932 tissime
188 1887 260 1934 esse
281 1861 484 1931 viderentur.
510 1859 579 1930 Ubi
603 1862 637 1928 in
660 1859 752 1931 locos
772 1863 892 1950 incidi,
918 1889 937 1933 e
963 1869 1107 1962 quibus,

52 1998 174 2067 excussis
195 2011 229 2066 et
254 1997 288 2064 in
313 2009 427 2091 partes
447 1996 572 2065 voeatis
597 1993 792 2065 lectionibus
816 1993 993 2090 omnibus,
1017 2003 1110 2074 nullo

52 2128 134 2198 nodo
150 2128 224 2199 elici
244 2143 279 2198 et
293 2127 483 2222 extorqueri
503 2140 614 2222 posset
628 2149 744 2196 sensus
763 2131 976 2216 commodus,
994 2133 1040 2202 ibi
1055 2137 1111 2204 vel

53 2263 194 2351 innotis,
216 2262 270 2332 vel
292 2263 427 2330 inVar.
457 2264 574 2346 Lect.‚
601 2259 691 2354 quod
715 2259 758 2328 ad
786 2260 897 2330 locum
924 2267 1107 2337 sanandum

53 2395 267 2489 suppeditabat
285 2393 478 2488 ingenium,
496 2391 646 2462 modeste
667 2396 846 2488 proposui,
862 2394 1051 2490 longissime
1067 2401 1110 2470 ab
1150 2457 1153 2472 .

53 2526 103 2596 hae
125 2531 308 2598 temeritate
342 2523 517 2611 remotus,
543 2525 593 2595 ut
608 2527 859 2619 conjecturam,
886 2530 938 2598 vel
946 2553 953 2584 2
967 2537 1110 2605 maxime

53 2660 266 2750 probabilitate
282 2684 318 2728 se
339 2657 648 2744 commendantem,
673 2659 707 2725 in
731 2673 857 2728 textum
882 2663 1107 2758 importarem.

52 2792 150 2886 Neque
177 2819 242 2889 ego
269 2807 406 2878 tamen,
433 2813 632 2884 quamquam
660 2791 695 2857 in
721 2789 813 2886 larga
840 2794 1108 2888 conjecturarum

53 2941 145 3018 segete
162 2925 306 3022 spectari
326 2921 427 3018 vulgo
443 2919 533 2992 solet
548 2923 671 3016 ingenii
689 2921 823 2993 ubertas
843 2939 878 2994 et
897 2925 1066 3020 fertilitas,
1089 2961 1108 3005 a
1175 2911 1179 2918 ⁵

53 3061 166 3155 recepto
188 3061 274 3130 mihi
297 3073 426 3128 veteres
451 3055 690 3152 interpretandi
714 3079 808 3128 more
834 3066 969 3147 recessi,
998 3073 1108 3139 autin
1169 3139 1170 3144 ,

54 3207 201 3280 posterum
219 3191 375 3261 recedam
388 3243 398 3278 ,
410 3189 460 3260 ,ad
483 3211 605 3284 quem,
628 3189 655 3258 si
672 3187 740 3258 ulla
760 3191 887 3262 ratione
905 3197 1051 3290 expediri
1077 3215 1110 3271 et

55 3323 306 3421 interpretatione
316 3323 427 3417 juvari
441 3335 551 3419 potest
566 3320 659 3392 locus
676 3319 843 3392 difficilior
860 3339 894 3395 et
914 3327 1026 3421 paullo
1042 3333 1109 3401 im·

54 3455 198 3546 peditior,
218 3455 310 3526 baud
328 3470 454 3524 temere
470 3450 563 3522 illum
587 3475 675 3522 nova
695 3453 802 3524 forma
825 3456 962 3529 induere
979 3464 1107 3557 audeo,

55 3590 195 3686 quidquid
208 3589 263 3660 alii
276 3589 319 3660 de
333 3589 455 3684 ingenii
470 3587 535 3656 mei
550 3585 705 3655 tarditate
718 3587 874 3681 judicent.
887 3593 1103 3686 speraveram
1127 3655 1132 3662 ,
1190 3588 1195 3600 Χ
1215 3572 1218 3580 ¹

55 3721 167 3810 quidem
182 3777 192 3813 ,
209 3747 315 3818 quum
334 3720 378 3790 ad
402 3720 644 3790 enarrationem
670 3717 792 3789 Catulli
812 3723 1023 3820 accingerer,
1052 3757 1105 3802 me

56 3849 140 3944 forte,
155 3881 314 3928 concesso
328 3855 410 3924 mibi
421 3877 485 3924 usu
497 3847 640 3923 Codicis
648 3851 844 3941 Catulliani,
860 3861 917 3952 qui
933 3862 968 3927 in
983 3863 1107 3936 biblio·

58 3981 138 4055 theca
154 3989 414 4082 Guelferbytana
433 3999 607 4071 servatur,
633 3984 676 4054 ad
698 3961 825 4058 iextum
847 3993 1105 4070 entendatiorem

61 4115 239 4190 reddendum
258 4118 383 4213 aliquid
401 4117 552 4188 conferre
569 4141 685 4212 posae3
705 4118 763 4188 sed
779 4141 882 4213 quum
898 4123 947 4193 Cl.
969 4131 1107 4203 Werns.

859 4278 896 4346 ¹2

1298 353 1303 360 ’
