2820 4992
257 389 332 444 xv1
386 419 393 442 .
622 389 889 446 amnonis
922 389 1057 447 uov1

258 525 362 596 stat.
377 503 465 595 Sed
476 479 683 597 ,Catullus
698 539 1033 631 supervacanea
1043 509 1330 629 repetitione,

200 653 202 658 ’
259 675 340 746 aut
375 651 687 746 additamento
721 656 872 746 inutili
904 654 1146 780 languidos
1177 690 1334 748 versus

259 836 601 928 nonnunquam
622 808 812 922 emittit,
834 809 952 896 sieut
973 839 982 894 :

350 1097 354 1104 ,
399 1017 462 1088 llla
480 1033 675 1114 tempestate
689 1020 782 1092 ferox
800 1046 868 1116 quo
881 1035 1032 1116 tempore
1045 1020 1192 1090 Theseus

260 1159 333 1229 et:
638 1149 639 1154 ‘

369 1300 531 1396 Conjugis
545 1325 588 1372 an
603 1301 671 1372 fido
685 1300 838 1373 consoler
847 1317 971 1373 memet
983 1327 1097 1372 amore

369 1407 482 1496 Quinc
498 1407 584 1502 fugit
597 1410 709 1480 lentos
720 1414 902 1504 incurvans
912 1415 1050 1506 gurgite
1061 1433 1183 1478 remos,

820 1520 939 1598 Genu.
957 1518 1082 1601 LXIV,
1100 1513 1170 1610 73,
1195 1514 1280 1584 182.

264 1687 370 1801 Qua
390 1686 612 1816 clausula,
631 1688 831 1778 rotunda
851 1688 1055 1814 quidem,
1075 1684 1153 1777 sed
1171 1719 1337 1799 vacua,

264 1868 421 1926 sensus
440 1837 670 1962 loquentis
688 1838 902 1969 frigescit.
944 1949 947 1958 ‚

326 1988 419 2102 Qui
439 1987 619 2079 Catullo
638 1993 835 2080 maxime
857 1992 978 2078 inter
994 2008 1201 2111 posteros
1220 1982 1341 2074 dele-

266 2132 524 2252 ctabantur,
539 2139 625 2259 ipsi
640 2171 747 2226 eum
761 2138 847 2228 hac
861 2157 991 2261 parte
1000 2168 1343 2260 nonnunquam

153 2308 155 2318 ’
268 2319 454 2410 peccare
478 2286 816 2415 intelligebant,
840 2322 988 2413 quum
1011 2289 1341 2416 molle'esculos,

270 2440 525 2528 levz'usculos
544 2472 701 2529 versus
724 2454 976 2530 notarent¹.
997 2441 1241 2563 Etiamque
1261 2441 1346 2532 dur

268 2579 488 2680 n'icsculos
515 2621 610 2679 esse
640 2589 889 2678 nonnullos
915 2585 1191 2680 fatebantur.
1222 2591 1348 2677 Nam

268 2759 348 2828 aut
360 2772 517 2863 aspera
534 2738 720 2829 elisione
736 2738 1040 2832 claudicantes
1055 2759 1101 2828 et
1116 2735 1345 2852 horridos

268 2910 348 2979 aut
370 2891 595 3014 congestis
619 2887 822 2980 tardatos
838 2887 1066 3012 spondaeis
1084 2890 1254 3010 passim
1275 2921 1347 2976 re-

269 3042 420 3162 perire
445 3058 531 3152 est,
551 3070 589 3127 e.
611 3072 653 3166 g.
677 3073 686 3126 :

355 3255 453 3347 Troja
475 3259 583 3321 virum
605 3267 639 3320 et
655 3254 817 3322 virtutum
840 3252 989 3322 omnium
1008 3251 1128 3320 acerba
1142 3251 1235 3321 cinis.

852 3429 855 3440 ,
939 3363 1290 3452 ctnn.txv111‚9o.

406 3537 431 3568 t.
444 3545 450 3560 .
465 3545 472 3569 ,
485 3543 492 3558 .
504 3491 647 3587 fulgenti
661 3491 836 3587 splendent
848 3517 931 3560 auro
944 3505 1043 3586 atque
1056 3505 1196 3586 argento

404 3650 555 3668 .........
566 3601 677 3668 curvis
691 3624 709 3666 e
725 3597 877 3670 litoribus
891 3599 995 3676 Piraei.

897 3705 1015 3779 Ctntt.
1033 3727 1125 3790 cxiv,
1142 3705 1213 3792 44,
1230 3705 1293 3798 74.

331 3881 514 3978 Ineuria
537 3877 752 4005 equidem
768 3881 915 4005 magis
937 3911 1079 4003 quam
1097 3875 1223 4004 quod
1247 3910 1350 3967 eru-

327 4125 433 4198 ¹Plin.
452 4132 546 4224 epist.
565 4131 602 4214 l,
627 4126 682 4199 16.
