2820 4992
393 443 736 514 TESTIMONIA.
759 435 766 444 ⁵
1046 465 1088 510 at

140 617 379 706 Quintilianum,
397 615 454 683 lib.
475 622 623 685 IInstit.
647 619 838 702 Oratoriae,
859 639 935 709 cop.
960 612 992 686 5.

98 793 172 859 Sicut
193 792 348 861 Catullm
361 793 562 886 ploremum
583 793 671 861 circa
693 791 818 861 Padum
838 793 972 860 invenit.

98 889 190 979 (Vale
209 919 348 966 carmen
369 891 520 984 XCVI.)

165 1073 279 1152 Idem,
296 1072 375 1141 ibr'd.
390 1097 470 1169 cap.
488 1069 532 1160 5,
551 1073 610 1144 ubi
626 1076 669 1144 de
685 1072 960 1170 aspirationibus.
1007 1057 1013 1082 ¹

97 1249 199 1341 Erupit
212 1248 305 1316 brevi
322 1265 470 1342 tempore
493 1253 613 1320 nimius
629 1275 727 1336 usus,
746 1265 783 1319 ut
801 1251 977 1334 choream,
992 1249 1090 1316 cizen-

60 1356 198 1435 tarrones,
229 1357 433 1448 proecltoroes
462 1355 571 1426 adbuc
595 1355 790 1450 quibusdam
822 1354 1090 1449 inscriptionibus

60 1475 205 1546 saansaan
227 1485 293 1555 qua
314 1463 355 1532 de
376 1483 411 1531 re
432 1464 561 1533 Catulli
576 1461 685 1532 nobile
701 1461 913 1556 Epigramma
935 1475 992 1529 est.

96 1557 189 1650 (Vide
208 1591 346 1638 carmen
368 1560 588 1668 LXXXIII.)

320 1754 453 1835 idem,
478 1753 532 1824 tib.
545 1757 610 1839 VI,
632 1777 711 1848 cap.
739 1750 772 1822 3.
798 1815 803 1830 .,

93 1925 128 1991 Et
147 1928 299 1995 Catullo
314 1953 414 2021 quum
437 1929 515 1996 dicit
528 1980 553 2014 .,=
666 2013 669 2028 Ι

135 2031 229 2100 Nulla
248 2033 284 2099 in
306 2047 374 2101 tarn
393 2057 514 2130 magno
535 2047 585 2102 est
605 2057 745 2128 corpore
767 2032 851 2102 mica
871 2031 966 2119 salis,
1025 2109 1027 2114 ,

55 2155 102 2198 non
120 2135 177 2206 hoc
194 2137 296 2225 dicit,
314 2138 396 2208 nihil
417 2141 451 2207 in
470 2164 610 2233 corpore
631 2138 700 2232 ejus
718 2163 788 2207 esse
809 2137 993 2208 ridiculum.

91 2231 187 2322 (Vide
207 2268 347 2313 carmen
365 2237 562 2334 LXXXV.)

350 2429 463 2513 Idem,
486 2429 542 2498 lib.
565 2433 618 2514 X,
636 2453 711 2523 cap.
738 2453 766 2496 1.

89 2602 207 2674 Iambus
221 2613 385 2674 nonsane
398 2631 419 2674 a
429 2608 586 2676 Romanis
601 2605 784 2678 celebratus
793 2620 904 2692 est,ut
918 2605 1094 2701 proprium

51 2727 162 2794 opus:a
185 2711 384 2805 quibusdam
406 2714 619 2807 interpositus
634 2738 642 2779 :
658 2712 751 2806 cujus
774 2711 938 2781 acerbitas
962 2713 997 2780 in
1024 2714 1089 2782 Ca-
1138 2789 1142 2794 ,

50 2812 129 2898 tullo,
146 2815 321 2904 Bibaculo,
338 2819 486 2886 Horatio.

87 2911 256 3004 (Meminit
269 2939 446 3018 proeterea
467 2923 510 2992 de
532 2925 666 2996 Cottdlo
686 2923 927 3014 Omittilt'anus,
944 2922 1000 2992 lib.
1015 2925 1072 2992 IX
1075 2975 1093 3007 ,.

51 3045 106 3114 cap.
125 3023 144 3095 3
164 3043 199 3096 et
219 3033 243 3114 4
255 3055 269 3115 ,·
291 3035 370 3098 item
390 3029 444 3099 lib.
465 3033 538 3117 XI,
563 3053 640 3125 cap.
667 3053 678 3097 1
704 3045 738 3097 et
762 3022 817 3118 3.)

132 3217 321 3301 Martialis,
340 3216 395 3285 lib.
414 3219 567 3312 IEpigr.
585 3217 746 3311 Epistola
763 3214 815 3283 ad
829 3217 994 3282 lectorem.

87 3391 251 3460 Lascivam
266 3392 445 3460 verborum
465 3392 656 3477 veritatem,
679 3391 712 3458 id
733 3405 803 3474 est,
825 3391 1095 3484 epigrammaton-

50 3487 168 3586 linguam
186 3521 400 3586 excusarem,
416 3500 442 3567 si
462 3522 573 3566 meum
591 3487 897 3589 esset'exemplum3
917 3497 962 3563 sic
978 3495 1090 3563 scribit

51 3599 199 3691 (unltu,
222 3607 271 3674 sic
294 3605 449 3690 Marsus,
470 3605 516 3672 sic
533 3602 642 3690 Pedo,
662 3603 708 3672 sic
732 3601 925 3689 Getulicus,
951 3602 996 3669 sic
1017 3601 1089 3693 qui-

49 3726 154 3800 cunque
171 3711 364 3804 perlegitur.

330 3887 440 3970 Idem,
462 3885 517 3955 lib.
537 3890 576 3968 I,
594 3891 699 3978 epigr.
725 3883 788 3953 (ia.

89 4062 210 4130 Verona
229 4063 326 4132 docti
343 4060 480 4153 syllabas
498 4075 586 4129 amat
605 4057 704 4129 ontis.

892 4174 1016 4257 2³²
