2820 4992
281 360 331 407 ro
464 343 588 415 VITA
615 352 653 417 C.
674 353 894 426 VALERII
913 361 1163 432 CATULLI.

192 497 194 501 ·
279 485 373 561 tam,
394 473 517 570 liquido
539 496 689 572 constat,
711 510 815 579 quum
841 515 885 560 cx
909 494 1054 582 Ovidio,
1081 495 1187 567 Plinio
1204 473 1348 594 majore,
1380 568 1383 574 s

182 602 186 615 ·
276 580 448 667 Martiale,
473 588 646 674 Ausonio,
671 595 886 690 caeterisque,
912 613 985 673 turn
1008 602 1173 696 exipsius
1199 610 1347 678 testimo·

277 685 353 778 nio,
370 690 428 781 qui
445 713 546 761 carm.
566 696 705 786 XXXI,
723 698 802 790 ubi,
821 728 841 772 e
856 704 1009 802 Bithynia
1027 732 1197 800 reversus,
1212 714 1346 784 Sirmio·
1402 749 1403 754 ¹

276 818 353 865 nem
385 793 476 866 lacus
509 801 631 874 Benaci
661 806 871 898 peninsulam
902 811 1120 908 adloquitur,
1157 816 1199 886 ad
1228 821 1347 914 [arem
1402 809 1403 824 ἓ

254 899 495 972 domesticum
521 903 649 978 salvum
675 922 710 979 se
734 913 906 986 advenisse
930 921 1062 1014 gaudet.
1090 925 1197 994 Natus
1225 941 1275 994 est
1300 922 1348 1015 (si
1402 979 1403 1030 g

273 1010 497 1102 Hieronymus
518 1013 679 1086 rationem
707 1033 797 1090 recte
820 1023 998 1112 subduxit,
1030 1052 1137 1123 neque
1159 1033 1290 1100 numeri
1316 1037 1346 1101 in

272 1115 344 1208 ejus
364 1115 535 1187 Chronico
559 1118 730 1216 depravati
752 1119 851 1216 sunt)
873 1129 1081 1228 Olympiadis
1108 1134 1178 1230 173
1200 1160 1290 1207 anno
1309 1166 1346 1225 n,

273 1222 316 1290 ab
331 1223 425 1292 Urbe
441 1246 522 1293 vero
536 1227 670 1297 condita
686 1229 775 1328 667,
787 1236 894 1306 Lucio
907 1240 1010 1308 Corn.
1027 1241 1155 1326 Cinna,
1170 1245 1232 1313 Cn.
1248 1246 1347 1314 Octa·

273 1329 328 1397 vio
353 1331 446 1399 Coss.
464 1332 761 1421 -Quamobrem
790 1365 859 1410 non
885 1344 1004 1438 injuria
1032 1344 1136 1417 Lilius
1165 1351 1347 1444 Gregorius

273 1433 440 1528 Gyraldus
464 1438 599 1506 Petrum
626 1443 793 1513 Crinitum
820 1450 1057 1544 reprehendit,
1086 1453 1177 1548 quod
1203 1457 1347 1526 scribere
1402 1463 1403 1508 t

272 1564 341 1609 non
362 1540 563 1614 dubitaverit
576 1572 662 1642 :pro
683 1569 856 1648 comperto
875 1556 998 1627 haberi
1008 1611 1019 1644 ,
1043 1581 1182 1630 carmen
1201 1562 1246 1631 de
1262 1569 1347 1632 Pas·
1402 1579 1403 1634 1

270 1668 346 1714 sere
365 1649 499 1718 Lesbiae
516 1652 569 1720 ad
580 1657 758 1750 Virgilium
778 1665 915 1730 missum
923 1664 1062 1754 finire,
1083 1665 1129 1736 ob
1149 1662 1239 1738 illud
1252 1674 1347 1740 Mar
1402 1657 1403 1742 l

149 1805 153 1811 .
270 1754 414 1822 nala!
523 1841 574 1848 .,

513 1911 556 1965 Sic
568 1913 658 1967 forsan
670 1921 746 1970 tener
756 1935 834 1970 ausus
844 1931 883 1972 est
892 1919 1011 1973 Catullus

505 1999 607 2076 'Magno
619 2005 726 2062 mittere
741 2007 875 2065 Passerem
886 2013 1001 2067 Maroni.

269 2181 354 2248 Nam
381 2181 558 2250 verisimile
589 2201 760 2274 nonest,
790 2187 958 2258 Catullum
984 2191 1219 2283 septemdecim
1249 2199 1347 2265 annis
1402 2211 1403 2284 ζ

269 2286 410 2355 Marone
434 2287 645 2381 grandiorem
659 2283 786 2380 (natus
808 2309 857 2364 est
880 2296 969 2364 enim
993 2297 1112 2381 Maro,
1132 2313 1215 2368 teste
1232 2303 1347 2371 Hiero
1402 2303 1403 2364 ἐ

268 2417 370 2486 nymo
390 2417 429 2462 ac
451 2397 607 2482 Donato,
623 2396 818 2494 olympiadis
836 2425 904 2497 177
924 2425 1012 2472 anno
1030 2402 1135 2504 3,·ab
1152 2407 1246 2476 Urbe
1263 2433 1346 2478 vero

268 2500 402 2569 condita
425 2499 523 2589 684,
541 2505 606 2573 Cn·
631 2507 790 2600 Pompeio
816 2509 965 2603 Magno,
992 2511 1040 2577 M.
1066 2512 1195 2582 Licinio
1220 2513 1347 2585 Crasso

268 2607 414 2700 primum
440 2605 554 2700 Coss.)
576 2610 684 2680 eidem
705 2613 815 2683 adhuc
834 2639 940 2709 puero
958 2628 1088 2686 tantum
1107 2618 1285 2707 detulisse,
1309 2637 1347 2692 nt
1402 2639 1403 2732 y

267 2715 399 2783 nonnisi
429 2715 538 2786 fronte
564 2717 723 2815 perfricta
736 2729 748 2804 ,'
769 2723 946 2816 animoque
972 2724 1174 2812 obfirmato,
1205 2727 1247 2795 ad
1273 2729 1346 2822 ejus
1402 2779 1403 2832 y

267 2819 412 2903 tribunal
437 2823 595 2893 accedere
616 2842 738 2918 posset.
762 2831 927 2898 Praetcrea
949 2833 987 2898 τὸ
996 2830 1154 2923 fhrsan,
1181 2833 1272 2926 quod
1293 2849 1346 2903 est
1402 2851 1403 2856 ’

265 2927 355 3018 apud
380 2929 589 3017 Martialem,
615 2935 802 3027 argumenti
830 2935 897 3002 vim
921 2939 1058 3006 omnino
1085 2938 1262 3034 infringit.²

268 3155 385 3211 gramma
403 3159 418 3193 c
434 3141 590 3194 Callimachi
608 3141 692 3213 epigr.
709 3161 781 3196 xarrr
825 3141 1012 3210 crcdem,niti
1021 3145 1111 3216 legero
1121 3185 1130 3212 ,
1142 3147 1272 3202 Catulle.»
1287 3145 1345 3212 (Ex

267 3219 386 3279 suaviter
401 3237 554 3291 expressum
564 3223 647 3276 refert
662 3210 789 3292 Gellius,¹
826 3222 890 3278 edit.
900 3237 970 3278 nost.
981 3225 1127 3290 Tamtu,
1139 3246 1166 3298 p.
1184 3219 1248 3296 68.)

266 3301 351 3366 XIX,
368 3319 403 3370 9,
419 3300 494 3374 quod
506 3302 617 3374 incipit,
630 3302 740 3372 Aufugit
751 3307 783 3356 mi
870 3304 962 3358 1.Lib.
977 3307 1028 3370 IV,
1038 3324 1081 3376 ep.
1095 3309 1345 3378 14.-Antequam
1402 3309 1403 3324 ¹

267 3385 370 3444 animus,
378 3381 458 3445 eredo,
468 3384 575 3445 utrolat,
586 3383 622 3434 ad
632 3382 780 3437 Theotiunm.
826 3382 931 3438 deloco
940 3381 1070 3438 Martialis
1079 3385 1280 3457 interpretando
1290 3389 1346 3441 dis·

266 3461 371 3516 Omitto
381 3462 495 3515 Cinnam
507 3461 637 3527 Cantium,
649 3461 783 3528 Stoicum,
826 3476 953 3536 putarent
965 3463 1039 3520 docti
1048 3466 1099 3520 viri
1107 3504 1115 3529 ,
1124 3466 1274 3520 videndum
1286 3483 1347 3522 erat

213 3602 223 3608 ᾖ
266 3561 346 3613 quem
362 3539 464 3594 audivit
479 3542 517 3594 M.
532 3542 684 3596 Antoninus
697 3543 782 3614 impe·
826 3563 860 3596 an
869 3543 999 3597 Martialis
1015 3547 1072 3616 ipse
1088 3548 1188 3599 erroris
1203 3567 1260 3601 non
1277 3549 1346 3600 insi·
1402 3555 1403 3606 ξ

266 3635 348 3689 rator,
359 3617 425 3675 teste
435 3619 587 3694 Capitolino
597 3623 718 3676 inMarci
727 3623 782 3676 vita
794 3619 795 3622 ¹
826 3623 967 3678 molendas
981 3637 1065 3690 esset,
1075 3625 1122 3696 qui
1138 3627 1261 3682 homines
1274 3647 1345 3681 coae-

266 3721 291 3756 c.
313 3691 338 3756 32
354 3695 422 3758 Nam
437 3714 464 3756 et
480 3695 560 3774 bujus
575 3721 668 3756 verum
681 3697 782 3756 ¹nomen
828 3723 887 3770 vos,
896 3723 952 3757 non
963 3720 1108 3760 coaetaneos
1116 3704 1181 3758 dum
1191 3719 1343 3780 comparat,

269 3781 380 3836 Catullru
394 3791 467 3848 erat,
480 3794 511 3835 ut
519 3795 622 3836 constat
631 3802 664 3836 ex
675 3783 714 3836 M.
729 3785 782 3835 An·
826 3786 909 3856 magis
916 3782 950 3838 ad
957 3786 1070 3858 exempli
1080 3787 1252 3857 proponendi
1262 3807 1345 3860 qnam

266 3863 353 3918 tonini
362 3865 410 3918 lib.
421 3865 522 3931 I,sect.
539 3861 585 3930 Υ13.
598 3861 709 3917 Accedit
723 3863 782 3930 ille,
827 3864 861 3920 ad
875 3865 1049 3936 computandi
1063 3867 1193 3937 temporis
1211 3869 1345 3922 rationem

267 3941 300 3994 ad
309 3963 390 4014 wem
401 3943 612 4008 Martialium,
620 3945 674 4014 73:
687 3944 783 3998 nfln-e·
827 3944 950 4001 attendit.
961 3939 999 3997 N.

269 4020 329 4074 dem
352 4024 400 4077 tibi
417 4043 473 4090 me,
490 4024 611 4088 Catulle,
632 4022 709 4078 dicisr
720 4025 781 4077 Non
870 4045 894 4079 a.
914 4025 996 4090 Quod
1013 4027 1143 4080 Martialis
1160 4027 1283 4098 scripsit,
1299 4027 1346 4080 Sic
