2820 4992
239 491 363 560 VITA
391 489 667 558 CVALERII
697 487 942 557 CATULLI.
1077 489 1121 561 13

72 647 173 710 mana,
198 625 292 717 cujus
313 621 446 715 nuptias
463 617 704 714 elegantissima
726 617 790 688 ode
811 615 1010 708 celebravit,
1031 636 1065 691 et
1082 622 1126 693 ad

71 756 156 824 quem
173 744 223 799 est
242 727 297 796 illa
316 725 471 822 epistola,
492 748 592 820 quam
613 725 696 793 tanti
715 725 868 796 Muretus
886 724 983 813 secit3
1001 728 1124 817 Cinna,

72 839 204 929 Smymae
221 848 356 920 auct0r3
374 830 572 902 Cornificius
592 830 732 900 fortasse
748 829 819 919 ille,
841 831 935 925 cujus
950 856 1021 902 esse
1037 833 1126 904 Rhe·

71 944 236 1012 ton'corum
259 940 302 1008 ad
326 939 531 1008 Herennium
559 935 662 1006 libros
688 951 831 1032 quatuor
852 935 1002 1007 nonnulli
1023 953 1124 1034 puta-

71 1062 189 1133 semna
205 1043 382 1131 Hortalus,
399 1058 498 1138 poeta
515 1041 706 1129 mediocris;
726 1046 827 1124 Cato,
846 1067 913 1112 non
927 1042 981 1113 ille
997 1047 1126 1115 Uticen-

71 1155 118 1237 sis,
135 1178 265 1222 morum
284 1153 459 1221 severitate
473 1150 627 1244 insignis,
644 1163 679 1217 at
697 1148 848 1217 literator
866 1149 1015 1244 quidam,
1030 1151 1137 1245 cujus¹

71 1261 257 1329 mentionem
280 1257 360 1327 lacit
384 1257 560 1326 Suetonius
579 1255 614 1323 in
635 1253 720 1324 libro
741 1254 783 1324 de
798 1253 985 1326 Illustribus
1005 1259 1125 1328 Gram-

71 1367 198 1450 maticis,
216 1389 247 1434 c.
271 1362 508 1456 xl3den1que
531 1359 656 1431 Coelius
679 1363 890 1430 Veronensis.
912 1361 960 1430 M.
981 1361 1125 1434 Tullium

70 1473 250 1541 Ciceronem
269 1472 305 1539 in
324 1493 423 1540 causa
441 1468 564 1537 forensi
580 1459 755 1561 (quaenam
776 1465 831 1537 illa
851 1467 971 1556 fuerit,
991 1469 1126 1563 ignora·
1175 1543 1178 1550 ,

22 1641 23 1644 ,
71 1579 131 1665 tur)
147 1578 280 1647 videtur
299 1589 478 1670 patronum
504 1572 711 1661 adhibuisse,
742 1575 796 1642 cui
822 1574 974 1668 profecto
1001 1575 1045 1645 oh
1072 1602 1127 1648 ac·

70 1697 189 1777 ceptum
220 1682 421 1753 beneficium
452 1693 593 1749 venusto
625 1677 862 1774 epigrammate
894 1682 1017 1775 gratias
1048 1686 1126 1779 agit.

70 1790 268 1885 Quamquam
285 1790 386 1883 igitur
398 1787 548 1856 Asinium
564 1783 746 1855 Pollionem
761 1785 939 1880 diligeret,¹
956 1787 1126 1860 hominem

71 1896 210 1966 Ciceroni
224 1909 398 1988 tantopere
415 1893 594 1978 infestum,
608 1916 628 1960 a
654 1889 762 1960 Tullio
781 1891 922 1963 colendo
939 1919 1008 1964 non
1027 1896 1126 1967 absti-

71 2002 151 2070 nuit:
167 2001 224 2072 sed
247 1999 402 2070 videlicet
428 2000 579 2086 Asinius,
605 2011 739 2067 mortuo
766 1998 901 2068 demum
931 2003 1067 2072 Catullo
1094 2019 1127 2074 et

71 2109 218 2178 Cicerone
239 2110 333 2202 ipso,
348 2105 506 2174 adversus
524 2104 634 2174 eximii
649 2105 789 2174 oratoris
808 2129 921 2174 manes
940 2108 1127 2179 inimicitias

71 2216 314 2302 exercuit;nam
338 2210 471 2283 Catullo
491 2211 651 2296 florente,
671 2234 711 2279 ac
729 2210 1022 2305 hendecasyllabos
1044 2218 1128 2284 scri·

70 2317 168 2408 bente,
182 2317 292 2416 puer²
320 2318 431 2388 adhuc
452 2331 533 2386 erat.
553 2317 708 2386 Iambicis
732 2331 766 2385 et
790 2316 958 2388 Phalaeciis
980 2321 1129 2392 versibus

71 2426 97 2490 in
114 2429 269 2521 pessimos
292 2449 441 2519 quosque
457 2423 626 2508 homines,
645 2421 738 2492 nullo
754 2422 956 2512 discrimine,
978 2427 1129 2498 invectus

71 2546 245 2628 est:neque
263 2533 329 2626 ipsi
351 2531 491 2618 Caesari,
511 2529 724 2624 quantumvis
742 2553 853 2599 rerum
872 2533 998 2626 potito,
1017 2559 1130 2629 pepcr·
1228 2595 1235 2614 .

71 2639 125 2726 cit,
145 2641 225 2733 quin
251 2637 370 2707 calami
389 2638 495 2706 aciem
514 2637 550 2704 in
570 2621 761 2705 smutram³
776 2636 847 2729 ejus
868 2637 1126 2726 liberalitatem,
1238 2635 1249 2660 ‘

71 2757 157 2838 atque
178 2743 242 2813 alia
265 2745 345 2812 vitia
366 2741 585 2838 distringeret.
607 2743 836 2830 Mamurram,
859 2742 1130 2830 Gellium,Vati·

71 2850 151 2920 nium
161 2852 348 2938 ,Vettium,
362 2848 569 2936 Cominium,
584 2873 667 2942 quos
679 2848 894 2917 vehementer
908 2848 1040 2940 oderat,
1057 2878 1130 2948 pro

71 2957 140 3047 pn'is
156 2955 347 3026 nominihus
361 2980 422 3051 per
442 2978 501 3023 ora
521 2952 695 3052 hominum
714 2953 882 3043 traduxit,
901 2979 940 3025 ac
956 2956 1021 3026 stili
1037 2983 1129 3028 acer·

72 3059 162 3132 bitatc
175 3061 322 3132 confixit.
343 3061 439 3131 Lusit
457 3074 617 3155 praeterea
638 3061 672 3128 in
687 3059 881 3148 Volusium,
904 3064 1054 3158 ineptum
1073 3059 1130 3151 (ut

72 3167 133 3260 ipse
145 3170 276 3263 quidem
290 3159 515 3256 existimabat)
532 3165 700 3235 annalium
714 3168 908 3261 scriptorem
919 3194 929 3257 ;
941 3171 975 3238 in
993 3172 1130 3242 rivalem

72 3275 256 3368 Egnatium,
276 3273 401 3344 malum
420 3287 553 3368 poetam
568 3298 576 3341 ε
590 3273 625 3341 in
642 3271 833 3364 Suffenum,
851 3298 950 3368 quem
967 3279 1080 3348 Caesiis
1097 3294 1131 3350 et

73 3381 207 3472 Aquiniis
223 3381 394 3450 literarum
411 3379 545 3449 venenis
559 3378 757 3448 adnumerat
768 3405 778 3463 ;
790 3394 978 3474 postremo,
997 3387 1031 3453 in
1050 3387 1129 3455 Sex-

74 3485 166 3574 tium,
201 3502 392 3568 oratorem,
424 3486 518 3578 cujus
545 3483 755 3578 frigidissima
781 3488 931 3558 oratione
958 3491 1130 3562 molestam
1179 3487 1184 3494 ’

73 3595 273 3682 gravedinem
294 3618 330 3662 se
347 3593 550 3662 contraxisse
568 3615 629 3685 per
646 3591 761 3684 jocum
778 3592 932 3663 affirmat.

76 3828 165 3884 etiamsi
174 3831 325 3885 Martialem
334 3842 470 3883 auctorem
480 3830 576 3884 haheat
620 3830 738 3884 carmine
757 3830 826 3896 XII,
846 3849 935 3903 nsque
958 3852 990 3887 ex
1007 3836 1065 3890 aliis
1078 3839 1130 3893 Ca.

77 3897 132 3974 (int.
146 3931 172 3983 p.
186 3909 242 3977 23),
254 3929 313 3964 non
329 3910 463 3964 asseratiar.
479 3910 515 3962 N.
621 3910 681 3963 tulli
695 3910 833 3980 operibus,
844 3913 895 3965 tale
904 3912 1050 3985 quidquam
1061 3917 1130 3972 divi·
1210 3935 1212 3940 ·

120 4006 141 4042 r.
160 3991 254 4044 Nescio
271 4008 325 4060 quo
339 4001 446 4042 auctore
460 3988 576 4060 Vulpius
620 3989 679 4042 nari
694 4001 767 4046 certe
776 4008 831 4043 non
844 3990 941 4061 potuit.
957 3993 989 4046 N.

78 4068 157 4122 Asinio
172 4069 288 4123 Pollioni
300 4067 417 4122 amicum
431 4069 511 4122 fnisse
526 4087 576 4122 no·
664 4089 688 4120 a.
704 4069 793 4123 Cmm.
805 4071 875 4133 XII,
884 4089 921 4124 va.
936 4093 962 4141 9.

79 4158 154 4202 strum
175 4162 280 4222 poetam
309 4147 439 4214 affirmet3
460 4167 519 4200 nam
544 4167 575 4200 ex
663 4147 688 4200 3.
699 4148 787 4204 Carm.
799 4150 905 4216 XXIX,
918 4170 946 4202 rs
976 4159 1017 4206 16.
