2820 4992
434 345 725 441 r'nAErArro.
1048 381 1122 436 xix
1252 417 1255 422 a

77 501 293 611 manserit,
319 499 487 622 quippe
517 501 597 622 qui
624 495 705 586 ubi
727 529 753 586 e
781 496 1019 590 literarum
1047 528 1126 622 gy·

78 650 231 740 mnasio
247 648 536 764 excesserint,
549 645 756 738 civilibus
773 631 972 737 intricati
987 677 1126 771 nego-

77 801 257 914 tiis,non
271 795 403 888 facile
418 795 566 888 studia
578 796 817 886 literarum
832 797 1128 920 antiquarum

77 969 289 1072 repetant,
314 969 415 1062 aut,
441 951 478 1037 si
499 969 705 1071 repetere
718 967 869 1063 vacet,
888 945 1124 1061 libentius,

78 1133 174 1222 qnos
204 1101 373 1188 teneris
400 1096 458 1188 ab
486 1100 617 1188 annis
647 1099 933 1188 convictores
961 1094 1137 1186 habue.

78 1251 170 1366 rint,
190 1248 247 1340 ad
269 1282 346 1338 eos
370 1250 612 1372 scriptores
634 1267 937 1339 revertantur.
957 1249 1129 1373 Legen-

77 1419 152 1488 tem
171 1395 356 1526 quoque
376 1397 533 1518 obsitae
550 1398 759 1522 plurimis
778 1400 826 1487 in
845 1397 957 1488 locis
977 1385 1151 1488 sordes‘
1204 1449 1209 1456 -

78 1547 1130 1674 adeooffcndunt,utpraefastidiononnunquam

78 1699 230 1789 librum
245 1702 426 1788 emittat
444 1733 469 1789 e
486 1697 720 1813 manibus,
739 1720 784 1788 et
802 1698 1021 1821 Apollinis
1036 1698 1131 1788 alu-

77 1848 282 1938 mnumin
299 1851 494 1940 amicam
512 1849 612 1939 luto
632 1883 761 1938 suem
776 1847 928 1938 subito
944 1882 1130 1940 conver·

78 2033 165 2088 sum
185 2003 347 2090 sectari
369 2034 503 2108 mens¹
523 1998 781 2090 abhorreat.
804 2004 932 2090 Duos
954 2002 1018 2091 ita
1043 1999 1132 2089 dis·

78 2183 191 2270 pares
206 2154 329 2240 inter
348 2183 393 2240 se
412 2171 549 2274 atque
568 2153 632 2240 ita
649 2149 956 2273 discrepantes
974 2152 1023 2242 in
1036 2184 1133 2240 uno

78 2299 314 2425 eodemque
339 2301 549 2390 exsistere
568 2302 641 2388 vix
667 2299 880 2397 credibile
902 2322 984 2402 cst.
1011 2304 1069 2392 dt
1096 2303 1132 2392 si

77 2452 286 2574 requiras,
312 2453 391 2575 qui
410 2451 510 2540 fieri
520 2454 681 2573 possit,
701 2471 776 2565 ut,
797 2451 926 2572 cujus
947 2485 1134 2550 carmen

77 2599 261 2692 dictante
286 2603 551 2692 Gratiarum
576 2602 838 2692 decentium
861 2575 1004 2696 choro
1027 2602 1133 2698 scri-

76 2770 196 2870 ptum
210 2785 326 2866 esse,
342 2773 387 2841 et
402 2751 517 2843 illud
532 2773 816 2870 unguentum,
832 2757 965 2876 quod,
984 2777 1037 2844 ut
1052 2758 1133 2872 ait,

70 2908 219 3018 puellae
245 2936 340 2992 suoe
370 2903 593 2992 donarunt
617 2937 800 2994 veneres
821 2909 1134 3028 etqu'daizesque
1191 3021 1195 3029 Ι

77 3046 265 3178 fragrare
275 3051 530 3166 videbatur,
543 3055 694 3143 statim
709 3057 746 3144 is
757 3057 922 3146 canina
932 3055 1058 3149 rabie
1069 3060 1136 3150 in·

78 3205 275 3320 stinctuS,
297 3223 376 3294 aut
394 3202 606 3326 lupanari
621 3203 783 3312 ardens
800 3205 1006 3323 libidine,
1022 3210 1136 3300 hau·

78 3369 184 3442 stam
206 3389 230 3444 e
253 3354 419 3444 cloacis
444 3348 648 3446 illuviem
670 3377 874 3472 evomat3
904 3359 961 3458 ad
985 3395 1138 3453 mores

77 3499 386 3595 Romanorum
412 3505 747 3628 respiciendum
777 3528 869 3624 est,
895 3514 998 3634 qui,
1024 3511 1136 3604 dum

76 3645 187 3761 luxu
195 3657 436 3778 repentino
457 3654 736 3773 diffluerent,
758 3691 871 3750 auro
890 3661 1077 3786 quidem
1094 3684 1139 3753 et

77 3831 271 3926 purpura
295 3805 468 3922 decori,
483 3827 530 3898 at
547 3808 840 3901 manentibus
865 3813 1001 3933 prisci
1019 3816 1140 3904 ruris

76 3955 289 4080 vestigiis,
320 3976 365 4044 et
397 3954 564 4046 ferocia
600 3931 795 4047 militari
818 3958 943 4051 domi
979 3960 1160 4054 dehac-¹

79 4097 254 4221 chantc,
274 4108 323 4196 in
348 4108 456 4197 vitia
478 4141 669 4231 quaeque
693 4112 1021 4204 immanissima
1048 4149 1141 4206 sese
