2820 4992
73 485 1090 514 ΜΜΜἪἊΜΜΟἊΜΜΜἪΜΜΜΜΜΜΜΜ
1100 483 1108 492 ““
1170 497 1171 502 ,

171 871 173 878 ‘
266 797 856 956 PRAEFATIO

61 1075 1101 1246 tutu.Gutttutmtuouuutcu
1219 1298 1223 1306 ι

370 1437 762 1476 w

60 1637 295 1756 pronomem
313 1683 396 1754 mihi
416 1697 493 1754 ante
512 1682 628 1752 decem
647 1707 752 1754 annos
768 1709 810 1754 ex
826 1683 1018 1781 disciplina,
1036 1714 1103 1784 qua
1173 1691 1179 1700 ‘

58 1813 82 1881 in
95 1816 194 1887 schola
210 1819 362 1888 Portensi
379 1841 459 1886 usus
473 1815 618 1901 fueram,
633 1841 737 1911 quum
752 1818 852 1887 variae
871 1843 933 1888 nec
945 1844 993 1890 eae
1006 1822 1102 1892 inho-

56 1961 151 2037 nesta,
172 1950 294 2044 quibus
317 1948 359 2017 ad
381 1949 548 2044 specimen
569 1946 704 2042 aliquod
721 1946 867 2020 collectae
888 1952 971 2021 mihi
994 1955 1104 2049 supel-

57 2074 147 2152 lectilis
164 2081 316 2153 literariae
334 2081 498 2151 edendum
515 2080 723 2177 impellerer,
745 2107 851 2154 causae
868 2103 1102 2178 occurrerent,

56 2213 160 2284 animus
169 2241 281 2305 meus,
292 2239 390 2309 quem
399 2215 615 2309 Praeceptori,
628 2228 788 2285 aeternum
798 2216 879 2286 mibi
885 2220 1102 2309 Venerando,

55 2343 92 2412 Cl.
108 2351 263 2437 aarum,
284 2348 420 2416 Rectori
437 2371 527 2417 nunc
546 2345 667 2417 scholae
683 2349 852 2418 Portensis
872 2353 1102 2443 meritissimo,

54 2478 268 2568 patefeceram,
284 2479 432 2574 ejusdem
446 2503 546 2550 suasu
560 2493 593 2548 et
609 2493 694 2549 nutu
708 2461 864 2551 inductus
877 2496 911 2552 et
925 2483 1102 2557 inclinatus

54 2623 90 2676 est
102 2636 152 2700 eo,
165 2628 202 2683 ut
215 2615 362 2700 Catulli,
379 2637 524 2708 quocum
537 2615 606 2707 jam
620 2626 692 2682 tum
706 2628 831 2683 arctam
847 2613 1101 2688 familiaritatem
1175 2634 1179 2638 '

54 2758 282 2834 contraxeram,
308 2745 580 2842 Epithalamium
605 2746 702 2814 Pelei
722 2761 757 2814 et
774 2745 954 2835 Thetidos,
979 2750 1102 2822 notulis
1209 2745 1216 2752 ⁶

53 2877 115 2946 meis
133 2880 332 2950 instructum
352 2874 477 2972 publici
493 2875 576 2970 juris
602 2873 767 2964 facerem,
792 2893 827 2946 et
847 2893 982 2975 captum
1003 2883 1101 2952 simul

53 3028 150 3080 novam
164 3010 343 3108 aliquando
360 3011 460 3080 totius
479 3008 601 3078 Catulli
617 3009 801 3079 adornandi
817 3011 996 3084 editionem
1016 3041 1101 3086 con-

52 3138 138 3214 silium
163 3169 397 3242 proponerem.
421 3146 463 3213 In
488 3168 554 3237 quo
579 3141 712 3237 quidem
735 3145 946 3238 exsequendo
963 3149 1101 3220 consilio

52 3296 103 3343 non
120 3279 342 3349 confirmabar
360 3276 468 3348 solum
482 3251 550 3370 jain
567 3291 661 3363 tum,
679 3301 781 3371 quum
794 3278 976 3369 juvenilem
998 3283 1098 3353 istum

52 3392 174 3480 laborem
187 3411 290 3506 aequis
302 3424 336 3479 et
348 3409 475 3478 idoneis
489 3409 607 3480 harum
621 3434 732 3478 rerum
747 3411 878 3480 arbitris
889 3411 981 3482 haud
993 3408 1101 3513 displi-

51 3540 135 3610 cuisse
155 3543 395 3639 intelligerem,
417 3542 476 3611 sed
494 3541 673 3612 accedebat
691 3567 823 3638 quoque
840 3544 960 3616 deinde
980 3565 1099 3620 aucto-

50 3672 113 3742 ritas
125 3679 215 3764 Viri,
239 3677 335 3770 cujus
359 3675 537 3771 plurimum
559 3677 593 3744 in
616 3666 668 3744 his
689 3676 788 3746 rebus
812 3677 901 3748 valet
919 3680 1099 3773 judicium,

51 3803 158 3876 Summi
171 3813 304 3902 Heynii
311 3861 321 3895 ,
335 3808 392 3902 qui
405 3807 537 3902 cognita
553 3831 592 3877 ac
605 3807 767 3902 probata,
785 3833 883 3903 quam
900 3827 1099 3906 sequutums

50 3955 140 4027 eram,
156 3938 397 4036 interpretandi
412 3942 556 4024 ratione,
573 3938 615 4008 ad
635 3939 824 4022 inchoatam
847 3942 969 4064 §atulli
984 3937 1100 4018 editio-

50 4089 107 4136 nem
126 4087 256 4142 strenue
271 4071 505 4142 absolvendam
520 4072 755 4144 humanissime
768 4075 953 4168 instigavit,
970 4082 1097 4152 etmira

894 4255 907 4300 I
