2820 4992
319 444 367 489 πο
528 419 597 487 DE
626 418 664 486 C.
685 421 920 489 VALERIO
948 419 1196 488 CATULLO

515 596 648 664 Plinius
661 593 862 686 Jitnmr·„lib.
886 600 916 677 I,
939 597 1101 690 Epistola
1125 594 1179 665 16.

367 773 458 840 Facit
476 794 591 838 versus
609 762 814 865 (Pompeius
835 764 1076 859 Saturnium),
1100 770 1211 863 quales
1229 775 1369 842 catum

314 902 423 964 meus,
437 890 495 944 aut
509 874 641 944 Calvus.
660 877 832 964 Quantum
850 873 911 945 illis
931 876 1065 970 leporis,
1084 875 1283 964 dulcedinis,
1298 903 1370 946 ama·

313 983 488 1065 titudinis,
510 977 644 1050 amoris!
664 983 785 1051 Inserit
804 1005 903 1063 sane,
921 981 978 1050 sed
998 981 1075 1051 data
1100 987 1223 1077 opera,
1242 983 1372 1051 mollius·

313 1088 425 1170 culos,
443 1085 723 1181 leviusculasqm,
737 1086 945 1158 duriusculos
965 1087 1125 1182 quosdam
1141 1103 1196 1157 :et
1211 1090 1276 1158 hoc
1291 1092 1371 1183 quasi

316 1195 470 1267 Catullus
491 1218 600 1280 meus,
619 1208 676 1262 aut
690 1192 823 1262 Calvus.

311 1371 426 1456 Idem,
440 1370 497 1438 ttb.
512 1371 577 1456 IV,
593 1371 755 1464 Epistola
774 1374 835 1455 14,
852 1371 992 1464 loqtoens
1006 1369 1049 1438 de
1063 1369 1372 1464 Heudecasyllzbis.
1395 1423 1396 1434 ,

364 1546 491 1614 Scimus
511 1539 651 1637 alioqui,
674 1544 774 1637 hujus
797 1543 948 1638 opusculi
972 1542 1060 1612 illam
1086 1569 1155 1612 esse
1179 1547 1374 1615 verissimam

310 1651 441 1746 legem,
456 1675 554 1744 quam
574 1652 728 1720 Catullus
746 1650 928 1745 expressit:
945 1651 1040 1721 Nam
1055 1665 1186 1720 eastum
1201 1676 1275 1720 esse
1290 1653 1377 1722 decet

304 1763 403 1853 ptum
413 1771 557 1852 poetam
572 1761 705 1852 Ipsum,
722 1769 784 1824 etc.

363 1855 472 1951 (Vr'de
492 1886 628 1932 amman
638 1852 759 1946 XVI.)

390 2041 525 2107 Sentius
541 2039 742 2130 Augurinus
758 2059 814 2131 ap.
831 2035 939 2103 eumd.
956 2034 1013 2104 ab.
1029 2037 1095 2121 IV,
1113 2039 1223 2149 Epist.
1243 2064 1305 2133 27.

468 2203 586 2272 Canto'
598 2203 745 2273 carmina
766 2203 916 2271 versibus
938 2202 1092 2288 minutis,

471 2310 549 2390 His,
570 2307 648 2378 olim
671 2307 791 2403 quibus
809 2323 843 2377 et
860 2332 954 2376 meus
975 2309 1146 2396 Camllus,

469 2417 513 2483 Et
531 2412 673 2501 Calvus,
695 2428 886 2507 veteresque
895 2456 1009 2484 .....

315 2591 414 2664 Com.
437 2595 586 2678 Tacitus,
604 2590 660 2659 lib.
673 2593 741 2676 IV,
760 2613 838 2684 cap.
856 2587 924 2674 34,
939 2593 1145 2675 Annalium,
1164 2597 1204 2694 ia
1216 2595 1381 2663 Oratibne

318 2695 320 2704 ’
701 2697 861 2766 Cremutii
884 2695 993 2765 Cordi.

364 2863 518 2933 Carmina
537 2860 684 2930 Bibaculi
702 2859 736 2928 et
753 2861 889 2939 Camlli
909 2859 1030 2928 referta
1049 2862 1256 2931 contumeliis
1274 2867 1383 2935 Caesa·

312 2994 406 3055 rum,
428 2966 593 3061 leguntur.

634 3099 816 3182 luvenalis,
832 3101 951 3168 Satira
967 3097 1003 3182 6,
1027 3125 1058 3194 7.

318 3237 322 3244 .
377 3315 385 3330 .
404 3314 412 3330 .
430 3314 438 3330 .
456 3313 465 3329 .
481 3264 590 3367 7haud
607 3263 718 3334 similis
735 3265 812 3351 tibi,
832 3265 996 3358 Cynthia,
1019 3290 1080 3334 nec
1099 3267 1172 3353 tihi,
1191 3268 1285 3360 cujus

368 3371 528 3440 Turbavit
547 3370 667 3440 nitidos
685 3371 864 3438 exstinctus
882 3375 1011 3439 Passer
1028 3370 1158 3441 ocellos.

555 3550 752 3630 Suetonius,
777 3552 812 3613 ia
834 3547 944 3633 Jult'o,
969 3572 1047 3643 cap.
1076 3549 1134 3644 73.

373 3716 547 3784 Vatertum
568 3712 753 3797 Catullum,
770 3735 789 3778 a
805 3737 871 3806 quo
879 3713 948 3781 ‘sibi
966 3713 1134 3784 versiculis
1153 3716 1194 3785 de
1210 3718 1389 3790 Mamurra

317 3835 476 3914 perpetua
501 3818 652 3910 stigmata
675 3817 847 3910 imposita,
867 3842 934 3887 non
957 3819 1236 3910 dissimulaverat,
1255 3827 1390 3894 satisfa-

317 3923 473 3994 cientem'
490 3922 604 3992 eadem
633 3920 685 3990 die
711 3922 859 3992 adhibuit
890 3949 991 3994 coenae
1012 3952 1023 4012 ;
1043 3926 1251 4022 hospitioque
1280 3935 1390 4024 patris

317 4033 407 4122 ejus,
425 4032 510 4100 sicut
524 4043 758 4115 consueverat,
777 4030 824 4097 uti
841 4033 1072 4123 perseveravit.
