<?xml version="1.0" encoding="UTF-8"?>
<!DOCTYPE html PUBLIC "-//W3C//DTD XHTML 1.0 Transitional//EN"
    "http://www.w3.org/TR/xhtml1/DTD/xhtml1-transitional.dtd">
<html xmlns="http://www.w3.org/1999/xhtml" xml:lang="en" lang="en">
 <head>
  <title>
</title>
<meta http-equiv="Content-Type" content="text/html;charset=utf-8" />
  <meta name='ocr-system' content='tesseract 3.04.00' />
  <meta name='ocr-capabilities' content='ocr_page ocr_carea ocr_par ocr_line ocrx_word'/>
</head>
<body>
  <div class='ocr_page' id='page_1' title='image "bibliothecaclas104lemagoog_0019.png"; bbox 0 0 2820 4992; ppageno 0'>
   <div class='ocr_carea' id='block_1_1' title="bbox 28 553 1188 1994">
    <p class='ocr_par' dir='ltr' id='par_1_1' title="bbox 28 553 1188 1994">
     <span class='ocr_line' id='line_1_1' title="bbox 414 553 1088 612; baseline 0.004 -4"><span class='ocrx_word' id='word_1_1' title='bbox 414 553 703 608; x_wconf 74' lang='lat' dir='ltr'>rnnrurro.</span> <span class='ocrx_word' id='word_1_2' title='bbox 1044 557 1088 612; x_wconf 89' lang='lat' dir='ltr'>x1</span> 
     </span>
     <span class='ocr_line' id='line_1_2' title="bbox 48 670 1087 795; baseline 0.005 -39"><span class='ocrx_word' id='word_1_3' title='bbox 48 703 163 791; x_wconf 87' lang='lat' dir='ltr'>prosae</span> <span class='ocrx_word' id='word_1_4' title='bbox 173 670 371 758; x_wconf 84' lang='lat' dir='ltr'>orationi</span> <span class='ocrx_word' id='word_1_5' title='bbox 381 670 634 758; x_wconf 88' lang='lat' dir='ltr'>cucurrisse</span> <span class='ocrx_word' id='word_1_6' title='bbox 646 699 742 758; x_wconf 93' lang='lat' dir='ltr'>non</span> <span class='ocrx_word' id='word_1_7' title='bbox 753 671 951 795; x_wconf 74' lang='lat' dir='ltr'>ignorat,</span> <span class='ocrx_word' id='word_1_8' title='bbox 965 675 1087 761; x_wconf 91' lang='lat' dir='ltr'>Tum</span> 
     </span>
     <span class='ocr_line' id='line_1_3' title="bbox 35 807 1092 944; baseline 0.007 -40"><span class='ocrx_word' id='word_1_9' title='bbox 35 815 159 909; x_wconf 86' lang='lat' dir='ltr'>&#39;latina</span> <span class='ocrx_word' id='word_1_10' title='bbox 186 819 335 943; x_wconf 91' lang='lat' dir='ltr'>poesis</span> <span class='ocrx_word' id='word_1_11' title='bbox 367 817 489 944; x_wconf 84' lang='lat' dir='ltr'>leges</span> <span class='ocrx_word' id='word_1_12' title='bbox 518 807 739 907; x_wconf 85' lang='lat' dir='ltr'>metiendi</span> <span class='ocrx_word' id='word_1_13' title='bbox 772 817 967 941; x_wconf 83' lang='lat' dir='ltr'>syllabas</span> <span class='ocrx_word' id='word_1_14' title='bbox 994 855 1092 911; x_wconf 84' lang='lat' dir='ltr'>ver-</span> 
     </span>
     <span class='ocr_line' id='line_1_4' title="bbox 48 966 1095 1095; baseline 0.006 -40"><span class='ocrx_word' id='word_1_15' title='bbox 48 1000 216 1094; x_wconf 89' lang='lat' dir='ltr'>sumque</span> <span class='ocrx_word' id='word_1_16' title='bbox 243 966 479 1095; x_wconf 85' lang='lat' dir='ltr'><strong>digerendi</strong></span> <span class='ocrx_word' id='word_1_17' title='bbox 507 970 783 1058; x_wconf 86' lang='lat' dir='ltr'>astrictiores</span> <span class='ocrx_word' id='word_1_18' title='bbox 817 973 1095 1061; x_wconf 87' lang='lat' dir='ltr'>constantio-</span> 
     </span>
     <span class='ocr_line' id='line_1_5' title="bbox 47 1116 1094 1247; baseline 0.009 -44"><span class='ocrx_word' id='word_1_19' title='bbox 47 1149 204 1242; x_wconf 85' lang='lat' dir='ltr'>resque,</span> <span class='ocrx_word' id='word_1_20' title='bbox 221 1139 268 1207; x_wconf 93' lang='lat' dir='ltr'>et</span> <span class='ocrx_word' id='word_1_21' title='bbox 281 1149 401 1210; x_wconf 89' lang='lat' dir='ltr'>nova</span> <span class='ocrx_word' id='word_1_22' title='bbox 414 1116 682 1208; x_wconf 90' lang='lat' dir='ltr'>modulandi</span> <span class='ocrx_word' id='word_1_23' title='bbox 699 1121 913 1208; x_wconf 84' lang='lat' dir='ltr'><strong>carminis</strong></span> <span class='ocrx_word' id='word_1_24' title='bbox 928 1153 1094 1247; x_wconf 85' lang='lat' dir='ltr'>genera</span> 
     </span>
     <span class='ocr_line' id='line_1_6' title="bbox 48 1265 1127 1395; baseline 0.006 -41"><span class='ocrx_word' id='word_1_25' title='bbox 48 1265 322 1360; x_wconf 81' lang='lat' dir='ltr'><strong>desiderabat.</strong></span> <span class='ocrx_word' id='word_1_26' title='bbox 341 1271 513 1391; x_wconf 91' lang='lat' dir='ltr'>Lyricis</span> <span class='ocrx_word' id='word_1_27' title='bbox 532 1266 763 1384; x_wconf 87' lang='lat' dir='ltr'>cantibus,</span> <span class='ocrx_word' id='word_1_28' title='bbox 780 1268 956 1395; x_wconf 83' lang='lat' dir='ltr'>elegiae,</span> <span class='ocrx_word' id='word_1_29' title='bbox 972 1291 1017 1360; x_wconf 91' lang='lat' dir='ltr'>et</span> <span class='ocrx_word' id='word_1_30' title='bbox 1036 1269 1097 1360; x_wconf 89' lang='lat' dir='ltr'>le·</span> <span class='ocrx_word' id='word_1_31' title='bbox 1124 1331 1127 1337; x_wconf 93' lang='lat'>-</span> 
     </span>
     <span class='ocr_line' id='line_1_7' title="bbox 46 1417 1097 1542; baseline 0.009 -39"><span class='ocrx_word' id='word_1_32' title='bbox 46 1419 237 1510; x_wconf 82' lang='lat' dir='ltr'>viuseulis</span> <span class='ocrx_word' id='word_1_33' title='bbox 268 1421 508 1542; x_wconf 84' lang='lat' dir='ltr'>poematiis</span> <span class='ocrx_word' id='word_1_34' title='bbox 537 1451 617 1508; x_wconf 90' lang='lat' dir='ltr'>sua</span> <span class='ocrx_word' id='word_1_35' title='bbox 647 1417 803 1508; x_wconf 89' lang='lat' dir='ltr'>deerat</span> <span class='ocrx_word' id='word_1_36' title='bbox 831 1451 1018 1535; x_wconf 90' lang='lat' dir='ltr'>norma,</span> <span class='ocrx_word' id='word_1_37' title='bbox 1052 1443 1097 1512; x_wconf 90' lang='lat' dir='ltr'>et</span> 
     </span>
     <span class='ocr_line' id='line_1_8' title="bbox 28 1565 1098 1693; baseline -0.002 -31"><span class='ocrx_word' id='word_1_38' title='bbox 28 1565 271 1690; x_wconf 81' lang='lat' dir='ltr'>rhythmus</span> <span class='ocrx_word' id='word_1_39' title='bbox 294 1570 459 1693; x_wconf 91' lang='lat' dir='ltr'>cuique</span> <span class='ocrx_word' id='word_1_40' title='bbox 481 1567 734 1690; x_wconf 87' lang='lat' dir='ltr'>peculiaris.</span> <span class='ocrx_word' id='word_1_41' title='bbox 754 1569 948 1684; x_wconf 89' lang='lat' dir='ltr'>Ennius,</span> <span class='ocrx_word' id='word_1_42' title='bbox 968 1572 1098 1662; x_wconf 92' lang='lat' dir='ltr'>Luci-</span> 
     </span>
     <span class='ocr_line' id='line_1_9' title="bbox 45 1713 1100 1844; baseline 0.009 -41"><span class='ocrx_word' id='word_1_43' title='bbox 45 1715 133 1834; x_wconf 86' lang='lat' dir='ltr'>lius,</span> <span class='ocrx_word' id='word_1_44' title='bbox 146 1713 354 1835; x_wconf 83' lang='lat' dir='ltr'>Plautus,</span> <span class='ocrx_word' id='word_1_45' title='bbox 366 1721 607 1810; x_wconf 84' lang='lat' dir='ltr'>Terentius</span> <span class='ocrx_word' id='word_1_46' title='bbox 619 1723 858 1844; x_wconf 88' lang='lat' dir='ltr'>caeterique</span> <span class='ocrx_word' id='word_1_47' title='bbox 873 1720 1010 1843; x_wconf 91' lang='lat' dir='ltr'>hujus</span> <span class='ocrx_word' id='word_1_48' title='bbox 1022 1756 1100 1812; x_wconf 89' lang='lat' dir='ltr'>an-</span> 
     </span>
     <span class='ocr_line' id='line_1_10' title="bbox 38 1838 1188 1994; baseline 0.01 -42"><span class='ocrx_word' id='word_1_49' title='bbox 38 1867 274 1992; x_wconf 83' lang='lat' dir='ltr'>tiquitatis,</span> <span class='ocrx_word' id='word_1_50' title='bbox 293 1838 337 1958; x_wconf 65' lang='lat' dir='ltr'>&#39;si</span> <span class='ocrx_word' id='word_1_51' title='bbox 364 1868 431 1956; x_wconf 88' lang='lat' dir='ltr'>nil</span> <span class='ocrx_word' id='word_1_52' title='bbox 457 1872 737 1982; x_wconf 76' lang='lat' dir='ltr'>intentatum</span> <span class='ocrx_word' id='word_1_53' title='bbox 765 1868 1028 1994; x_wconf 83' lang='lat' dir='ltr'>liquissent‚</span> <span class='ocrx_word' id='word_1_54' title='bbox 1053 1895 1101 1962; x_wconf 85' lang='lat' dir='ltr'>at</span> <span class='ocrx_word' id='word_1_55' title='bbox 1178 1848 1188 1944; x_wconf 55' lang='grc'>’-</span> 
     </span>
    </p>
   </div>
   <div class='ocr_carea' id='block_1_2' title="bbox 46 2017 1246 2142">
    <p class='ocr_par' dir='ltr' id='par_1_2' title="bbox 46 2017 1246 2142">
     <span class='ocr_line' id='line_1_11' title="bbox 46 2017 1246 2142; baseline 0.005 -39"><span class='ocrx_word' id='word_1_56' title='bbox 46 2040 149 2109; x_wconf 88' lang='lat' dir='ltr'>certe</span> <span class='ocrx_word' id='word_1_57' title='bbox 177 2017 498 2142; x_wconf 83' lang='lat' dir='ltr'>imperfectam</span> <span class='ocrx_word' id='word_1_58' title='bbox 520 2021 760 2107; x_wconf 79' lang='lat' dir='ltr'>metricam</span> <span class='ocrx_word' id='word_1_59' title='bbox 791 2040 938 2110; x_wconf 90' lang='lat' dir='ltr'>artem</span> <span class='ocrx_word' id='word_1_60' title='bbox 967 2022 1104 2113; x_wconf 91' lang='lat' dir='ltr'>tradi·</span> <span class='ocrx_word' id='word_1_61' title='bbox 1243 2075 1246 2079; x_wconf 93' lang='lat'>·</span> 
     </span>
    </p>
   </div>
   <div class='ocr_carea' id='block_1_3' title="bbox 43 2163 1150 2752">
    <p class='ocr_par' dir='ltr' id='par_1_3' title="bbox 43 2163 1150 2752">
     <span class='ocr_line' id='line_1_12' title="bbox 45 2163 1108 2294; baseline 0.011 -40"><span class='ocrx_word' id='word_1_62' title='bbox 45 2165 189 2261; x_wconf 86' lang='lat' dir='ltr'>derant</span> <span class='ocrx_word' id='word_1_63' title='bbox 207 2171 425 2294; x_wconf 88' lang='lat' dir='ltr'>posteris;</span> <span class='ocrx_word' id='word_1_64' title='bbox 444 2196 560 2294; x_wconf 92' lang='lat' dir='ltr'>quos</span> <span class='ocrx_word' id='word_1_65' title='bbox 577 2173 698 2258; x_wconf 91' lang='lat' dir='ltr'>inter</span> <span class='ocrx_word' id='word_1_66' title='bbox 718 2163 929 2262; x_wconf 84' lang='lat' dir='ltr'>Catullus</span> <span class='ocrx_word' id='word_1_67' title='bbox 940 2177 1108 2266; x_wconf 87' lang='lat' dir='ltr'>musici</span> 
     </span>
     <span class='ocr_line' id='line_1_13' title="bbox 44 2321 1106 2446; baseline 0.009 -39"><span class='ocrx_word' id='word_1_68' title='bbox 44 2325 178 2442; x_wconf 87' lang='lat' dir='ltr'>operis</span> <span class='ocrx_word' id='word_1_69' title='bbox 196 2325 412 2445; x_wconf 91' lang='lat' dir='ltr'>princeps</span> <span class='ocrx_word' id='word_1_70' title='bbox 431 2322 600 2411; x_wconf 88' lang='lat' dir='ltr'>exstitit</span> <span class='ocrx_word' id='word_1_71' title='bbox 620 2342 665 2410; x_wconf 87' lang='lat' dir='ltr'>et</span> <span class='ocrx_word' id='word_1_72' title='bbox 683 2321 742 2410; x_wconf 83' lang='lat' dir='ltr'>ab</span> <span class='ocrx_word' id='word_1_73' title='bbox 762 2323 1009 2446; x_wconf 85' lang='lat' dir='ltr'>aequalibus</span> <span class='ocrx_word' id='word_1_74' title='bbox 1027 2327 1106 2416; x_wconf 92' lang='lat' dir='ltr'>ha-</span> 
     </span>
     <span class='ocr_line' id='line_1_14' title="bbox 43 2464 1106 2597; baseline 0.011 -42"><span class='ocrx_word' id='word_1_75' title='bbox 43 2464 150 2562; x_wconf 90' lang='lat' dir='ltr'>bitus</span> <span class='ocrx_word' id='word_1_76' title='bbox 170 2493 265 2587; x_wconf 82' lang='lat' dir='ltr'>est3</span> <span class='ocrx_word' id='word_1_77' title='bbox 281 2470 396 2561; x_wconf 87' lang='lat' dir='ltr'>adeo</span> <span class='ocrx_word' id='word_1_78' title='bbox 415 2490 489 2583; x_wconf 91' lang='lat' dir='ltr'>ut,</span> <span class='ocrx_word' id='word_1_79' title='bbox 505 2471 541 2558; x_wconf 93' lang='lat' dir='ltr'>si</span> <span class='ocrx_word' id='word_1_80' title='bbox 560 2473 662 2593; x_wconf 91' lang='lat' dir='ltr'>quis</span> <span class='ocrx_word' id='word_1_81' title='bbox 681 2469 901 2562; x_wconf 87' lang='lat' dir='ltr'>doctrinae</span> <span class='ocrx_word' id='word_1_82' title='bbox 918 2478 1106 2597; x_wconf 86' lang='lat' dir='ltr'>poeticae</span> 
     </span>
     <span class='ocr_line' id='line_1_15' title="bbox 43 2607 1150 2752; baseline 0.013 -48"><span class='ocrx_word' id='word_1_83' title='bbox 43 2625 287 2742; x_wconf 82' lang='lat' dir='ltr'>specimen,</span> <span class='ocrx_word' id='word_1_84' title='bbox 317 2621 464 2746; x_wconf 91' lang='lat' dir='ltr'>qualis</span> <span class='ocrx_word' id='word_1_85' title='bbox 491 2619 569 2709; x_wconf 93' lang='lat' dir='ltr'>illa</span> <span class='ocrx_word' id='word_1_86' title='bbox 599 2641 727 2709; x_wconf 85' lang='lat' dir='ltr'>aetate</span> <span class='ocrx_word' id='word_1_87' title='bbox 743 2620 914 2738; x_wconf 79' lang='lat' dir='ltr'>¹fuerit,</span> <span class='ocrx_word' id='word_1_88' title='bbox 941 2657 1108 2752; x_wconf 83' lang='lat' dir='ltr'>cogno·</span> <span class='ocrx_word' id='word_1_89' title='bbox 1148 2607 1150 2617; x_wconf 37' lang='lat'>⁵</span> 
     </span>
    </p>
   </div>
   <div class='ocr_carea' id='block_1_4' title="bbox 42 2756 1298 2887">
    <p class='ocr_par' dir='ltr' id='par_1_4' title="bbox 42 2756 1298 2887">
     <span class='ocr_line' id='line_1_16' title="bbox 42 2756 1298 2887; baseline 0.006 -30"><span class='ocrx_word' id='word_1_90' title='bbox 42 2802 153 2864; x_wconf 87' lang='lat' dir='ltr'>scere</span> <span class='ocrx_word' id='word_1_91' title='bbox 174 2773 312 2887; x_wconf 83' lang='lat' dir='ltr'>velit,</span> <span class='ocrx_word' id='word_1_92' title='bbox 330 2769 541 2860; x_wconf 87' lang='lat' dir='ltr'>libellum</span> <span class='ocrx_word' id='word_1_93' title='bbox 564 2769 730 2860; x_wconf 89' lang='lat' dir='ltr'>Catulli</span> <span class='ocrx_word' id='word_1_94' title='bbox 755 2776 861 2862; x_wconf 92' lang='lat' dir='ltr'>satis</span> <span class='ocrx_word' id='word_1_95' title='bbox 885 2777 972 2863; x_wconf 91' lang='lat' dir='ltr'>erit</span> <span class='ocrx_word' id='word_1_96' title='bbox 991 2778 1110 2868; x_wconf 85' lang='lat' dir='ltr'>evol·</span> <span class='ocrx_word' id='word_1_97' title='bbox 1175 2843 1179 2854; x_wconf 50' lang='lat'><em>1</em></span> <span class='ocrx_word' id='word_1_98' title='bbox 1293 2756 1298 2766; x_wconf 43' lang='grc'><em>’</em></span> 
     </span>
    </p>
   </div>
   <div class='ocr_carea' id='block_1_5' title="bbox 38 2910 1234 4091">
    <p class='ocr_par' dir='ltr' id='par_1_5' title="bbox 38 2910 1234 4091">
     <span class='ocr_line' id='line_1_17' title="bbox 39 2910 1111 3049; baseline 0.01 -41"><span class='ocrx_word' id='word_1_99' title='bbox 39 2925 157 3015; x_wconf 89' lang='lat' dir='ltr'>visse.</span> <span class='ocrx_word' id='word_1_100' title='bbox 200 2910 417 3049; x_wconf 86' lang='lat' dir='ltr'>Namque</span> <span class='ocrx_word' id='word_1_101' title='bbox 451 2920 515 3010; x_wconf 89' lang='lat' dir='ltr'>ibi</span> <span class='ocrx_word' id='word_1_102' title='bbox 549 2944 793 3011; x_wconf 88' lang='lat' dir='ltr'>occurrent</span> <span class='ocrx_word' id='word_1_103' title='bbox 835 2927 1111 3049; x_wconf 90' lang='lat' dir='ltr'>quatuorde-</span> 
     </span>
     <span class='ocr_line' id='line_1_18' title="bbox 40 3073 1112 3202; baseline 0.01 -42"><span class='ocrx_word' id='word_1_104' title='bbox 40 3074 120 3164; x_wconf 90' lang='lat' dir='ltr'>eim</span> <span class='ocrx_word' id='word_1_105' title='bbox 139 3105 367 3166; x_wconf 84' lang='lat' dir='ltr'>versuum</span> <span class='ocrx_word' id='word_1_106' title='bbox 395 3074 608 3195; x_wconf 87' lang='lat' dir='ltr'>species¹,·</span> <span class='ocrx_word' id='word_1_107' title='bbox 627 3095 672 3202; x_wconf 92' lang='lat' dir='ltr'>et</span> <span class='ocrx_word' id='word_1_108' title='bbox 700 3073 796 3162; x_wconf 85' lang='lat' dir='ltr'>aliae</span> <span class='ocrx_word' id='word_1_109' title='bbox 826 3107 1012 3201; x_wconf 91' lang='lat' dir='ltr'>quoque</span> <span class='ocrx_word' id='word_1_110' title='bbox 1038 3113 1112 3170; x_wconf 90' lang='lat' dir='ltr'>oc-</span> 
     </span>
     <span class='ocr_line' id='line_1_19' title="bbox 42 3203 1113 3351; baseline 0.008 -41"><span class='ocrx_word' id='word_1_111' title='bbox 42 3244 297 3336; x_wconf 82' lang='lat' dir='ltr'>currerent,</span> <span class='ocrx_word' id='word_1_112' title='bbox 321 3223 407 3311; x_wconf 90' lang='lat' dir='ltr'>nisi</span> <span class='ocrx_word' id='word_1_113' title='bbox 428 3221 575 3311; x_wconf 89' lang='lat' dir='ltr'>multa</span> <span class='ocrx_word' id='word_1_114' title='bbox 594 3203 715 3311; x_wconf 90' lang='lat' dir='ltr'>illius</span> <span class='ocrx_word' id='word_1_115' title='bbox 736 3214 940 3315; x_wconf 84' lang='lat' dir='ltr'>earmina</span> <span class='ocrx_word' id='word_1_116' title='bbox 958 3232 1113 3351; x_wconf 90' lang='lat' dir='ltr'>periis-</span> 
     </span>
     <span class='ocr_line' id='line_1_20' title="bbox 41 3372 1114 3496; baseline 0.011 -38"><span class='ocrx_word' id='word_1_117' title='bbox 41 3391 169 3464; x_wconf 80' lang='lat' dir='ltr'>sent².</span> <span class='ocrx_word' id='word_1_118' title='bbox 189 3375 311 3493; x_wconf 87' lang='lat' dir='ltr'>Qui,</span> <span class='ocrx_word' id='word_1_119' title='bbox 332 3405 479 3496; x_wconf 81' lang='lat' dir='ltr'>quum</span> <span class='ocrx_word' id='word_1_120' title='bbox 490 3373 730 3461; x_wconf 85' lang='lat' dir='ltr'>varietates</span> <span class='ocrx_word' id='word_1_121' title='bbox 749 3372 997 3466; x_wconf 90' lang='lat' dir='ltr'>modorum</span> <span class='ocrx_word' id='word_1_122' title='bbox 1017 3400 1114 3470; x_wconf 91' lang='lat' dir='ltr'>tam</span> 
     </span>
     <span class='ocr_line' id='line_1_21' title="bbox 38 3518 1234 3653; baseline 0.006 -42"><span class='ocrx_word' id='word_1_123' title='bbox 38 3527 202 3616; x_wconf 89' lang='lat' dir='ltr'>multas</span> <span class='ocrx_word' id='word_1_124' title='bbox 224 3519 481 3635; x_wconf 88' lang='lat' dir='ltr'>adhiberet,</span> <span class='ocrx_word' id='word_1_125' title='bbox 498 3518 704 3609; x_wconf 89' lang='lat' dir='ltr'>habilem</span> <span class='ocrx_word' id='word_1_126' title='bbox 721 3524 892 3648; x_wconf 83' lang='lat' dir='ltr'>ingenii</span> <span class='ocrx_word' id='word_1_127' title='bbox 907 3530 1114 3653; x_wconf 86' lang='lat' dir='ltr'>vigorem</span> <span class='ocrx_word' id='word_1_128' title='bbox 1226 3593 1234 3606; x_wconf 72' lang='lat'><em>.</em></span> 
     </span>
     <span class='ocr_line' id='line_1_22' title="bbox 38 3668 1224 3804; baseline 0.007 -44"><span class='ocrx_word' id='word_1_129' title='bbox 38 3676 359 3804; x_wconf 85' lang='lat' dir='ltr'>insignemque</span> <span class='ocrx_word' id='word_1_130' title='bbox 393 3668 625 3761; x_wconf 85' lang='lat' dir='ltr'>solertiam</span> <span class='ocrx_word' id='word_1_131' title='bbox 658 3672 954 3793; x_wconf 89' lang='lat' dir='ltr'>expromebat</span> <span class='ocrx_word' id='word_1_132' title='bbox 992 3705 1127 3770; x_wconf 78' lang='lat' dir='ltr'>exer-&#39;</span> <span class='ocrx_word' id='word_1_133' title='bbox 1219 3695 1224 3699; x_wconf 80' lang='grc'><em>“</em></span> 
     </span>
     <span class='ocr_line' id='line_1_23' title="bbox 39 3823 1114 3950; baseline 0.007 -39"><span class='ocrx_word' id='word_1_134' title='bbox 39 3825 204 3940; x_wconf 89' lang='lat' dir='ltr'>cendo,</span> <span class='ocrx_word' id='word_1_135' title='bbox 239 3823 383 3912; x_wconf 90' lang='lat' dir='ltr'>animi</span> <span class='ocrx_word' id='word_1_136' title='bbox 406 3852 566 3935; x_wconf 89' lang='lat' dir='ltr'>eausa,</span> <span class='ocrx_word' id='word_1_137' title='bbox 591 3853 687 3950; x_wconf 89' lang='lat' dir='ltr'>non</span> <span class='ocrx_word' id='word_1_138' title='bbox 715 3855 821 3910; x_wconf 90' lang='lat' dir='ltr'>sane</span> <span class='ocrx_word' id='word_1_139' title='bbox 846 3823 1114 3919; x_wconf 90' lang='lat' dir='ltr'>ambitiosus</span> 
     </span>
     <span class='ocr_line' id='line_1_24' title="bbox 39 3969 1045 4091; baseline 0.007 -33"><span class='ocrx_word' id='word_1_140' title='bbox 39 3974 274 4066; x_wconf 85' lang='lat' dir='ltr'>industriae</span> <span class='ocrx_word' id='word_1_141' title='bbox 295 3969 466 4060; x_wconf 77' lang='lat' dir='ltr'>frivolae</span> <span class='ocrx_word' id='word_1_142' title='bbox 489 3987 534 4058; x_wconf 92' lang='lat' dir='ltr'>et</span> <span class='ocrx_word' id='word_1_143' title='bbox 556 4001 755 4091; x_wconf 74' lang='lat' dir='ltr'>operosae</span> <span class='ocrx_word' id='word_1_144' title='bbox 779 3993 1045 4066; x_wconf 90' lang='lat' dir='ltr'>ostentator.</span> 
     </span>
    </p>
   </div>
   <div class='ocr_carea' id='block_1_6' title="bbox 85 4167 971 4417">
    <p class='ocr_par' dir='ltr' id='par_1_6' title="bbox 85 4167 971 4417">
     <span class='ocr_line' id='line_1_25' title="bbox 87 4167 971 4286; baseline 0 -21"><span class='ocrx_word' id='word_1_145' title='bbox 87 4193 186 4264; x_wconf 79' lang='lat' dir='ltr'>¹Vid.</span> <span class='ocrx_word' id='word_1_146' title='bbox 202 4192 265 4262; x_wconf 89' lang='lat' dir='ltr'>inf.</span> <span class='ocrx_word' id='word_1_147' title='bbox 281 4189 396 4284; x_wconf 84' lang='lat' dir='ltr'>Vulpii</span> <span class='ocrx_word' id='word_1_148' title='bbox 410 4187 552 4258; x_wconf 89' lang='lat' dir='ltr'>Diatrib.</span> <span class='ocrx_word' id='word_1_149' title='bbox 568 4188 609 4256; x_wconf 93' lang='lat' dir='ltr'>de</span> <span class='ocrx_word' id='word_1_150' title='bbox 624 4191 706 4257; x_wconf 91' lang='lat' dir='ltr'>Met.</span> <span class='ocrx_word' id='word_1_151' title='bbox 721 4167 841 4260; x_wconf 75' lang='lat' dir='ltr'>Catull.</span> <span class='ocrx_word' id='word_1_152' title='bbox 856 4218 889 4286; x_wconf 93' lang='lat' dir='ltr'>p.</span> <span class='ocrx_word' id='word_1_153' title='bbox 909 4177 971 4264; x_wconf 64' lang='lat' dir='ltr'>25ss</span> 
     </span>
     <span class='ocr_line' id='line_1_26' title="bbox 85 4317 606 4417; baseline -0.023 -18"><span class='ocrx_word' id='word_1_154' title='bbox 85 4325 184 4398; x_wconf 70' lang='lat' dir='ltr'>’Via</span> <span class='ocrx_word' id='word_1_155' title='bbox 205 4321 268 4394; x_wconf 83' lang='lat' dir='ltr'>inf.</span> <span class='ocrx_word' id='word_1_156' title='bbox 288 4317 606 4417; x_wconf 25' lang='lat' dir='ltr'>vit.Catull.p.‚15.</span> 
     </span>
    </p>
   </div>
   <div class='ocr_carea' id='block_1_7' title="bbox 920 4457 956 4526">
    <p class='ocr_par' dir='ltr' id='par_1_7' title="bbox 920 4457 956 4526">
     <span class='ocr_line' id='line_1_27' title="bbox 920 4457 956 4526; baseline 0 -43"><span class='ocrx_word' id='word_1_157' title='bbox 920 4457 956 4526; x_wconf 66' lang='lat' dir='ltr'>a}</span> 
     </span>
    </p>
   </div>
   <div class='ocr_carea' id='block_1_8' title="bbox 0 0 1414 4992">
    <p class='ocr_par' dir='ltr' id='par_1_8' title="bbox 0 0 1414 4992">
     <span class='ocr_line' id='line_1_28' title="bbox 0 0 1414 4992; baseline 0 2"><span class='ocrx_word' id='word_1_158' title='bbox 0 0 1414 4992; x_wconf 95' lang='lat' dir='ltr'> </span> 
     </span>
    </p>
   </div>
  </div>
 </body>
</html>
