2820 4992
292 479 315 559 4
692 474 955 569 rnarlrro

244 600 250 612 ¹
290 634 388 724 dors,
405 631 576 702 Professor
592 628 880 718 Helmstadiensis,
894 628 1068 727 diligenter
1082 632 1146 702 lroc
1162 633 1274 707 codice
1288 662 1355 706 exa-

290 768 436 851 minato,
458 763 538 834 nihil
559 763 657 859 plane
675 765 771 834 bonae
791 765 897 860 frugis
919 763 996 834 inde
1014 788 1134 860 capere
1155 793 1251 862 posse
1273 769 1351 838 finu-

288 923 364 968 rum
395 895 518 968 Catulli
548 896 709 966 editorem
741 898 976 968 humanissime
1009 899 1092 970 mihi
1124 899 1354 994 significasset,

288 1055 382 1125 spem
402 1027 490 1098 illam
513 1027 627 1123 abjeci.
649 1026 736 1098 Illud
754 1043 865 1100 autem
885 1028 981 1099 doleo
1000 1044 1183 1107 armerum
1202 1031 1355 1102 dolebunt

287 1187 404 1232 omncs
433 1161 491 1255 qui
512 1158 681 1230 Catullum
707 1175 842 1249 amant,
864 1160 954 1255 quod
976 1161 1118 1232 duorum
1141 1162 1355 1234 nobilissimo·

287 1320 361 1364 rum
381 1294 605 1379 criticorum,
631 1295 782 1363 Duclrerr'
804 1307 838 1362 et
860 1295 1102 1382 Brouclrhusr'r',
1130 1297 1166 1365 in
1190 1295 1353 1367 Catullum

286 1427 473 1513 anecdota,
501 1451 671 1520 nunquam
693 1452 711 1495 e
734 1427 878 1497 tenebris
906 1428 940 1496 in
968 1426 1076 1498 lucem
1104 1427 1233 1525 prolata
1260 1446 1350 1526 sunt:

167 1609 175 1628 Ι
286 1563 437 1632 Duclrerz'
455 1560 590 1655 quidem
613 1560 939 1630 animadversionum
961 1562 995 1630 in
1017 1560 1186 1632 Catullum
1207 1565 1354 1660 exiguam

285 1677 1031 1789 partem(adCarm.lelI,X1X,XX,in
1045 1687 1228 1789 Priapum)
1243 1694 1355 1764 deliba-

284 1829 333 1897 vit
358 1842 392 1897 ct
417 1824 599 1922 publicavit
619 1831 837 1898 Burmannus
866 1829 940 1898 Sec.
969 1826 1011 1895 ad
1036 1815 1171 1897 Anthol.
1186 1832 1284 1898 Tom.
1307 1831 1355 1910 Il,

284 1989 316 2055 p.
350 1958 444 2055 574;
466 1959 524 2029 sed
547 1958 589 2027 de
610 1959 835 2029 Brouclrlrurir‘
858 1959 892 2027 in
919 1958 1089 2029 Catullum
1116 1963 1355 2031 commentariis

284 2094 329 2164 nil
352 2096 492 2180 scimus,
514 2094 575 2161 nisi
594 2093 685 2185 quod
702 2117 820 2161 eorum
839 2091 1011 2187 aliquoties
1033 2096 1236 2166 mentionem
1257 2096 1355 2191 injicit

283 2191 503 2296 Burmannus
523 2227 597 2296 Sec.
627 2223 670 2293 ad
697 2227 848 2318 Propert.
877 2239 911 2294 et
937 2228 1090 2298 Dorville
1116 2227 1158 2294 ad
1185 2228 1354 2297 Chariton.

284 2357 482 2430 Beruardus
499 2371 610 2426 autem
628 2355 669 2425 de
689 2355 727 2426 iis
750 2357 865 2426 scribit
882 2350 936 2447 (in
957 2359 1024 2426 vita
1048 2362 1175 2432 Rer'slrr'r'
1191 2355 1356 2461 pssoolt

288 2491 459 2563 Catullum
469 2491 572 2585 prelo
590 2488 745 2581 subjicrct
763 2493 816 2559 W
810 2495 972 2560 etrlenr'us
987 2455 1175 2588 bibliopola
1184 2546 1195 2579 ,
1218 2501 1277 2564 cui
1292 2494 1358 2564 edi·

287 2627 374 2693 troni
387 2621 554 2694 accedent
566 2625 811 2693 commentata·
821 2621 942 2692 raediti
952 2623 1176 2694 Brouclrhusr'i
1186 2649 1234 2696 ex
1248 2625 1359 2696 biblio

285 2757 384 2825 theca
397 2755 562 2826 Dorvtltt
575 2753 738 2841 -Quod
756 2752 799 2822 ad
816 2755 1122 2849 interpretationem
1141 2759 1278 2849 attinet,
1297 2783 1358 2854 qua

284 2885 455 2959 Catullum
473 2885 637 2955 illustrare
654 2885 786 2973 studui,
807 2885 962 2981 quilibet,
980 2887 1033 2958 vel
1054 2915 1108 2958 me
1130 2916 1199 2960 non
1217 2891 1359 2976 fatente,

288 3018 384 3090 facile
409 3020 547 3104 sentiet,
566 3043 620 3086 mc
643 3017 685 3086 ad
709 3041 780 3086 eam
808 3020 994 3105 rationem,
1019 3047 1085 3117 qua
1105 3003 1225 3094 noram
1253 3025 1358 3096 lucem

286 3149 417 3220 Tibullo
442 3165 475 3220 et
489 3149 629 3245 Virgilio
657 3149 830 3220 effundere
851 3165 885 3220 et
909 3123 1025 3223 eorum
1051 3153 1230 3228 lectoribus
1255 3159 1358 3228 facem

170 3349 171 3352 ,
289 3283 585 3379 splendidissimam
616 3283 796 3352 accendere
823 3286 977 3356 sustinuit
1003 3291 1158 3382 Heynr‘us
1170 3344 1182 3377 ,
1212 3292 1361 3362 imitandi

289 3417 435 3488 studium
454 3416 632 3504 direxisse3
655 3416 712 3485 sed
730 3442 847 3505 nemo,
867 3420 1001 3512 opinor,
1019 3420 1102 3491 adeo
1121 3448 1174 3492 me
1193 3425 1276 3494 mihi
1294 3423 1361 3495 Sul·

289 3550 403 3620 fenum
423 3573 493 3618 csse
518 3548 753 3635 arbitrabitur,
783 3563 820 3617 ut
844 3550 934 3644 quod
960 3551 1048 3622 solus
1068 3553 1137 3624 scre
1160 3559 1317 3650 Heym'us
1330 3558 1360 3624 in

292 3697 466 3777 poetarum
485 3681 755 3775 interpretatione
775 3685 946 3776 praestitit,
962 3700 996 3754 et
1017 3663 1079 3780 pro
1100 3690 1220 3784 insigni
1238 3691 1362 3786 ingenii

288 3830 321 3884 et
349 3815 509 3884 doctrinae
532 3815 628 3908 copia
653 3813 752 3884 facile
776 3830 933 3908 praestare
958 3821 1091 3912 potuit,
1119 3820 1153 3889 id
1173 3823 1208 3890 in
1229 3822 1363 3894 Catullo

288 3975 341 4018 me
358 3948 564 4042 praestitisse,
583 3946 634 4016 vel
649 3972 795 4042 unquam
813 3975 875 4044 pro
892 3953 1015 4045 ingenii
1035 3953 1245 4025 etdoctrinae
1262 3959 1365 4028 tenui·

283 4096 350 4152 tate
374 4098 528 4176 praestare
548 4103 663 4178 posse,
687 4081 785 4151 stulte
805 4084 885 4152 mihi
905 4087 1142 4179 persuadeam3
1160 4091 1263 4160 immo
1285 4117 1363 4186 gra-
