2820 4992
250 401 299 481 ni
387 399 459 464 DE.
482 398 519 464 C.
537 395 638 465 VAL.
662 397 876 466 CATULLO
896 395 1184 465 TESTIMONIA.

250 571 410 642 Sidonius
420 571 650 665 Apollinaris,
668 569 722 639 lib.
741 575 793 656 II,
812 572 959 666 epistola
972 593 1028 657 io,
1045 569 1098 638 ad
1104 573 1310 665 Hesperum.

195 749 199 754 ’
233 745 238 760 ’
302 745 526 813 Reminiscere
547 741 636 836 quod
652 768 738 837 saepe
756 767 889 812 versum
908 741 1086 836 complevit
1102 741 1224 812 lesbia
1241 767 1313 812 oum

255 851 398 919 Catullo.

250 1030 426 1096 Severum
457 1027 637 1112 Boethio,
672 1027 715 1094 de
754 1025 886 1096 Consul.
919 1025 1114 1118 Plu'losoplz.
1147 1023 1202 1093 lib.
1238 1029 1315 1111 III,

700 1155 812 1226 prosa
833 1136 866 1217 4.

280 1321 285 1335 “
304 1309 395 1375 Num
418 1309 467 1374 vis
489 1331 528 1374 ea
549 1321 599 1376 est
620 1307 889 1400 magistratibus,
912 1322 949 1374 ut
972 1307 1133 1375 utentium
1156 1306 1323 1380 mentibus

252 1415 392 1481 virtutes
413 1415 576 1501 inserant,
594 1415 674 1481 vitia
689 1411 875 1507 depellant?
895 1414 995 1506 Atqui
1020 1437 1089 1480 non
1113 1410 1250 1506 fugare,
1267 1411 1324 1481 sed
1389 1401 1392 1504 l

253 1516 417 1586 illustrare
433 1520 543 1612 potius
561 1519 742 1612 nequitiam
756 1518 876 1605 solent3
894 1542 960 1612 quo
975 1515 1029 1604 lit,
1043 1530 1081 1586 ut
1098 1515 1324 1612 indignemur,
1392 1516 1393 1586 l

255 1649 312 1692 eos
327 1649 413 1719 saepe
425 1625 834 1718 nequissimis‘lmminibus
849 1624 1045 1717 contigisse:
1065 1619 1152 1690 unde
1170 1625 1327 1694 Catullus
1393 1624 1394 1698 l

255 1727 504 1800 licetincuruli
514 1732 665 1799 Nonium
679 1730 867 1818 sedentem,
886 1745 1051 1798 soumam
1064 1726 1217 1823 appellat.
1394 1732 1395 1794 l

308 1829 419 1922 (Vide
436 1860 573 1904 cannen
590 1829 687 1921 LII.)

287 2000 475 2080 Diomedes
491 2014 754 2107 Grammaticus,
772 2012 827 2080 lib.
843 2017 915 2095 III,
931 2034 1008 2104 cop.
1022 2010 1063 2096 6,
1077 2011 1120 2079 de
1133 2009 1302 2080 Iambico.

262 2285 265 2290 .
314 2194 419 2287 Cujus
433 2192 586 2262 carminis
599 2192 755 2285 praecipui
769 2192 945 2285 scriptores
959 2191 1048 2285 apud
1063 2193 1199 2260 Graeeos
1214 2191 1332 2261 Archi·

181 2345 184 2354 ,
259 2297 396 2386 lochus,
419 2296 720 2392 Hipponax,apud
734 2299 903 2366 Romanos
919 2295 1080 2383 Lucilius,
1101 2311 1134 2365 et
1154 2297 1328 2383 Camillus,
1400 2380 1401 2400 ἶ

261 2419 294 2472 et
309 2406 485 2487 Horatius,
500 2418 534 2472 et
551 2401 734 2470 Bibaculus.

268 2584 490 2649 Terentinam
510 2539 675 2664 Maurus,
693 2585 727 2646 ia
744 2582 910 2646 Iroetatu
930 2579 973 2646 de
995 2581 1131 2662 niteris,
1157 2555 1332 2668 Syllaba,

316 2684 466 2755 Pedibus
496 2701 532 2753 et
553 2689 691 2769 Metrir,
709 2708 742 2753 o.
772 2682 868 2772 838,
895 2683 955 2754 ubi
979 2684 1022 2752 de
1042 2683 1217 2754 Pkalaecio
1247 2682 1334 2751 lien·

317 2791 547 2883 decasyllabo.

318 2966 487 3062 Exemplis
500 2967 604 3034 tribus
621 2948 687 3033 lioc
706 2945 814 3034 statim
830 2939 1003 3059 probabis,

318 3075 425 3141 Docti
435 3074 581 3141 carmine
596 3097 668 3165 quae
684 3070 763 3165 legis
784 3073 928 3156 Catulli,
951 3087 1027 3142 eto..

485 3247 596 3332 Idem,
615 3263 765 3316 tractatu
785 3247 932 3331 eodem,
945 3272 978 3316 ν.
1002 3247 1108 3317 1031.

318 3428 420 3494 Hunc
439 3426 548 3493 lucum
564 3425 774 3528 tibidedico,
794 3447 1033 3517 consecroque,
1052 3427 1195 3518 Priape,
1213 3439 1280 3498 etc,

317 3603 362 3667 Et
375 3598 493 3668 similes
505 3598 615 3695 plures
630 3601 675 3668 sic
692 3599 921 3692 conscripsisse
938 3579 1118 3669 Catulum.

317 3706 464 3774 Scimus.
481 3753 490 3768 .
508 3753 516 3769 .
587 3753 611 3795 9

370 3806 482 3900 (Vide
500 3835 637 3881 carmen
655 3804 815 3898 XVIII.)

603 3992 991 4024 μψ--ιώθΦ--η
