2820 4992
283 466 387 521 xxlv
436 462 713 519 Enwonls
745 465 877 523 Novl
910 464 1208 523 PRAEFATIO.

193 659 198 671 ·
282 605 465 733 epithal.
493 609 643 698 Caum.
668 609 815 720 LXII,
841 605 967 732 quod
989 610 1039 694 in
1061 605 1181 698 libro
1201 608 1344 698 Thua·

212 747 215 758 ⁴
279 793 368 850 neo
386 757 552 849 decimi
572 756 712 846 seculi
726 761 786 850 N⁰
801 757 916 877 8071
939 755 1054 846 Bibl.
1075 761 1187 885 Reg.
1211 763 1345 849 conti-

278 931 433 1022 netur,
453 906 712 1034 relegimus

342 1064 502 1173 Nunc,
528 1057 657 1147 omni
678 1056 824 1148 nostri
846 1059 995 1180 operis
1018 1060 1223 1180 exposito
1247 1093 1344 1150 con·

280 1210 403 1326 silio,
427 1211 632 1322 veniam,
659 1206 884 1334 quidquid
906 1206 1258 1338 desiderandum
1283 1197 1345 1300 ri·

280 1361 522 1485 liquimus3
547 1358 766 1484 gratiam,
790 1358 826 1446 si
850 1355 962 1482 quid
984 1357 1231 1450 Catulliani
1258 1393 1345 1450 rar-

279 1511 418 1598 minis
443 1508 757 1597 recensionem
774 1538 858 1627 per
875 1538 960 1595 nos
979 1504 1223 1628 profecisse
1239 1508 1354 1629 judi-⁴

280 1659 471 1772 caveris,
492 1676 537 1746 te
557 1687 787 1780 rogamus

1123 1777 1162 1870 Jss
1199 1787 1283 1892 N„

280 2013 459 2109 quodpiam
476 2009 566 2081 aliud
581 2008 753 2096 exstabat,
767 2007 856 2076 unde
871 2021 983 2102 posset
999 2006 1101 2077 libelli
1114 2009 1214 2106 hujus
1230 2012 1345 2082 habere

281 2135 412 2228 copiam
431 2128 658 2230 exemplandi,
674 2141 708 2196 et
723 2141 761 2196 ut
775 2151 816 2196 ex
832 2128 905 2221 ipso
918 2125 1086 2198 salebroso
1103 2127 1228 2224 aliquid
1241 2148 1344 2202 tamen

281 2265 455 2349 suggeret,
471 2250 618 2319 decrevit
634 2249 745 2342 potius
762 2261 874 2314 tamen
895 2261 1091 2341 corruptum
1109 2247 1235 2320 habere
1252 2275 1345 2346 quam

163 2397 166 2408 ·
201 2394 203 2400 ’
279 2374 417 2462 omnino
432 2391 708 2464 carere‚sperans
719 2365 828 2434 adhuc
840 2365 883 2433 ab
894 2364 1005 2459 aliquo
1017 2364 1082 2434 alio
1093 2366 1230 2438 fortuite
1242 2360 1344 2438 emer-

281 2490 478 2586 gentehunc
487 2512 589 2585 ‘posse
603 2487 778 2580 corrigere.
786 2483 933 2574 Valebis,
947 2484 974 2553 si
986 2485 1017 2552 ei
1031 2485 1268 2581 interpretatus
1281 2512 1343 2559 non

280 2609 391 2678 fueris.

578 2705 1013 2834 137511'1'130ct0hn9qi1

570 2859 786 2953 Casignorius
806 2856 979 2928 laborabat
997 2859 1032 2928 in

569 2993 733 3048 extremis.
745 3006 762 3041 »
