2820 4992
252 367 361 427 xvnr
572 369 842 426 Enrronrs
874 340 1007 430 uovr

254 486 382 584 matii
404 485 583 609 parvuli
602 489 717 577 fines
737 507 837 578 ¹non
861 494 1065 582 constitit
1078 507 1103 580 ¹.
1132 497 1238 584 Haec
1258 514 1331 584 est

253 673 334 730 cur
366 639 551 730 sinceris
583 641 903 756 Anacreontis,
941 663 987 734 et
1016 644 1245 766 Sapphus,
1281 665 1331 735 et
1399 629 1400 636 Ν

251 809 457 881 veterum
484 790 749 880 Graecorum
776 789 1019 896 veneribus
1052 793 1328 908 innutrituS,

250 951 588 1063 nonnunquam
620 941 669 1030 in
699 938 880 1031 delicias
907 939 1329 1034 Alexandrinorum
1399 1033 1400 1038 a

251 1087 376 1185 haud
399 1090 505 1178 satis
523 1088 802 1180 verecundas
821 1110 866 1180 et
886 1089 1060 1184 sobrias
1082 1079 1331 1220 degenera-
1399 1211 1400 1220 Ν

250 1243 388 1354 verit,
407 1241 737 1363 intempestivis
754 1275 1091 1368 nonnunquam
1106 1247 1155 1332 in
1168 1241 1332 1371 imagiss

234 1388 385 1481 ‘nibus
396 1390 659 1512 juveniliter
672 1392 919 1508 exsultans,
934 1396 1077 1485 immo
1090 1395 1332 1484 lasciviens

251 1543 487 1663 pueriliter
497 1556 523 1630 ².

314 1693 507 1782 Gravius
527 1714 680 1784 autem
699 1697 890 1790 carmini
906 1697 1080 1786 crimen
1094 1691 1331 1815 objicitur,

156 1825 162 1840 ’
254 1842 379 1968 quod
396 1866 533 1966 poeta
556 1845 842 1935 cavillatione
869 1849 1015 1972 magis
1034 1879 1176 1969 quam
1194 1877 1332 1972 argu-
1390 1931 1400 1958 ,

252 1996 418 2090 mentis
432 2015 708 2117 occupatum
723 1995 833 2108 ivie,
849 2025 1000 2119 neque
1020 1995 1336 2120 eluitquomi-=
1399 1979 1400 2028 ³

254 2178 341 2233 nus
364 2142 501 2258 illud,
521 2146 607 2236 nisi
629 2143 881 2234 celebritati
901 2147 1120 2259 nominis,
1137 2165 1184 2233 at
1205 2165 1331 2234 certe
1399 2139 1400 2144 Ν

202 2385 208 2390 .
252 2296 425 2384 notitiae
452 2327 668 2417 operum,
698 2293 920 2408 officeret,
951 2296 1176 2417 praecipue
1206 2294 1333 2416 apud
1399 2307 1400 2384 ἶ

251 2446 541 2560 recentiores.
577 2441 766 2534 Librum
798 2445 918 2533 enim
951 2464 1079 2570 tanta
1112 2421 1332 2566 spurcitie
1399 2537 1400 2542 Ν

253 2591 474 2705 foedatum
498 2595 600 2718 quis
619 2597 835 2721 magister
852 2593 1099 2720 legendum
1118 2596 1332 2719 ingenuis
1399 2693 1400 2700 Ν

255 2742 618 2838 adolescentibus
641 2768 898 2867 proponere
921 2740 1175 2834 sustineat?
1194 2743 1333 2835 Unde
1399 2759 1400 2808 f

256 2894 327 3009 fit,
352 2915 405 2984 ut
427 2892 584 2984 multis
611 2897 798 2986 nomine
819 2914 1002 2986 tantum
1026 2897 1237 3020 cognitus
1260 2927 1335 2986 re·

311 3183 382 3252 'Ex
402 3185 465 3253 ista
482 3185 651 3254 notatione
672 3185 816 3280 excipias
835 3183 933 3258 velim
955 3182 1073 3256 Manlii
1092 3197 1126 3254 et
1144 3182 1241 3254 Juliae
1258 3185 1333 3278 epi-

154 3335 158 3343 ν
257 3291 463 3361 thalamium.

308 3395 492 3492 'Exemplo
513 3397 579 3484 sint
599 3399 887 3485 Carm.nx1v,vV.
911 3396 958 3467 62
974 3433 1028 3448 -
1040 3391 1107 3484 65,
1126 3396 1184 3465 ubi
1207 3395 1333 3488 descri-

131 3539 141 3560 ·
256 3504 373 3574 bendis
383 3504 542 3574 Ariadnes
552 3505 709 3589 vestibus,
721 3507 756 3574 in
771 3530 900 3574 summo
912 3503 1039 3588 dolore,
1051 3503 1216 3590 luxuriat,
1235 3517 1271 3572 et
1287 3503 1332 3574 ib.

254 3605 311 3678 av.¹
324 3609 366 3680 31
381 3635 394 3680 1
408 3651 460 3662 -
471 3610 558 3698 320,
570 3613 603 3679 in
615 3611 734 3705 quibus
743 3665 751 3700 ,
760 3636 861 3705 quum
875 3610 1086 3682 solertissime
1098 3609 1232 3704 quidem
1248 3608 1333 3678 lani-

255 3717 319 3786 ficii
337 3732 448 3812 partes
462 3717 672 3812 depingeret,
688 3733 723 3788 at
736 3717 810 3787 loco
823 3719 857 3786 in
873 3717 928 3786 illo
944 3744 1012 3786 non
1029 3717 1197 3812 operarias
1216 3711 1334 3810 ¹vulga·

254 3849 326 3912 res,
346 3824 404 3894 sed
419 3826 510 3895 Deas
529 3823 679 3896 fatidicas
703 3824 903 3896 exhibendas
929 3824 1050 3893 oblitus
1071 3837 1135 3908 est,
1163 3836 1196 3891 et
1219 3825 1333 3892 Cann.

256 3954 455 4016 va111,vv.
480 3955 549 4027 107
574 3972 627 3982 —
653 3932 739 4020 118,
757 3933 815 4026 qui
836 3957 876 4000 ex
893 3956 1012 4000 amore
1024 3929 1206 4030 ,suffunde
1229 3929 1348 4000 dedu-v

255 4051 335 4104 eunt
351 4037 508 4106 lectorem
531 4041 562 4105 in
587 4039 780 4108 barathrum
801 4039 842 4106 ab
859 4038 1003 4108 Hercule
1018 4038 1187 4108 effossum.
1272 4125 1273 4128 Ἴ
1387 4072 1400 4088 ·1

310 4129 444 4212 3Carni.
466 4149 565 4226 xvi,
589 4144 621 4215 5.
