2820 4992
244 465 335 518 xxu
571 462 839 519 nn1ron1s
874 464 997 520 N0v1
1097 451 1108 472 ‘

259 605 261 612 ’
307 585 417 674 Fere
442 602 592 673 sextus
616 582 871 670 tricesimus
890 615 1037 672 annus
1063 605 1151 699 est,
1175 589 1328 676 amice

244 736 431 848 Lector,
460 753 514 822 ut
538 733 848 855 principatum
879 734 999 822 inter
1030 735 1197 839 Catulli
1231 733 1328 826 edi-

244 884 393 971 tiones
430 881 738 1008 Doeringiana
776 878 976 997 obtinet,
1004 873 1130 973 haud
1166 885 1330 976 imme-

245 1035 361 1146 rite,
376 1031 379 1061 ¹
397 1033 489 1121 sive
524 1050 674 1119 textus
705 1030 913 1152 plurimis
949 1033 997 1120 in
1026 1033 1138 1124 locis
1169 1038 1328 1127 mutili

250 1183 557 1295 sanationem,
578 1181 669 1270 sive
690 1185 1022 1272 sententiarum
1037 1185 1329 1276 intellectum

250 1331 455 1421 aestimes.
476 1333 687 1454 Namque
707 1331 1081 1423 emendationum
1102 1337 1329 1459 interpre-

123 1527 130 1540 =
250 1479 1329 1603 tationumqueAehillisStatii,Mureti,Passera-

249 1628 648 1752 tii,Vossii,Vulpii
662 1629 949 1755 aliorumque
963 1631 1077 1723 flore
1091 1631 1326 1758 decerpt0,

251 1759 527 1905 collataque,
552 1812 694 1905 quam
717 1780 839 1904 apud
859 1784 1042 1874 Graecos
1071 1805 1116 1874 ct
1137 1788 1327 1876 Latinos

252 1953 409 2058 poetas
435 1936 531 2056 ipse
560 1930 827 2058 collegerat,
855 1931 1088 2025 uberrima
1112 1935 1328 2026 locorum

250 2116 416 2198 messe,
446 2080 642 2172 obscura
664 2080 925 2198 illustravit,
955 2107 1172 2210 corrupta
1196 2091 1328 2177 resti-

252 2239 341 2327 tnit
368 2237 417 2322 in
451 2232 637 2346 melius,
667 2213 819 2323 afficta
849 2239 1087 2357 expunxit,
1114 2237 1328 2362 pulcher-

252 2390 370 2476 rima
386 2413 578 2510 quaeque
593 2401 638 2472 et
651 2385 848 2511 genuina
861 2385 1079 2474 similium
1091 2419 1329 2512 compara·

254 2541 379 2627 tione
399 2532 651 2624 adornavit.

315 2685 477 2776 Talem
505 2683 633 2774 illam
662 2683 931 2801 editionem,
964 2689 1108 2778 amice
1137 2690 1326 2802 Lector,

254 2841 483 2964 integram
514 2834 571 2925 ad
594 2834 789 2924 verbum
819 2836 1127 2964 recudendam
1156 2843 1329 2930 curavi·

253 3013 371 3078 mus.
398 2985 486 3077 Sed
507 2987 801 3109 quantumvis
825 2989 1061 3114 egregium
1080 2990 1233 3077 virum
1255 3024 1328 3080 su-

257 3139 519 3261 spiciamus,
534 3155 691 3224 tamen
711 3137 1018 3258 superstitiose
1036 3140 1085 3226 in
1097 3138 1217 3256 illius
1229 3174 1329 3230 ver·
1369 3173 1376 3182 ·

256 3288 315 3379 ba
340 3287 517 3409 jurare,
546 3284 757 3375 abdicato
787 3307 946 3377 nostro
971 3284 1162 3408 judicio,
1193 3289 1329 3381 nobis

256 3471 352 3528 non
375 3436 654 3526 destinatum
674 3432 834 3568 luerat.
860 3439 1021 3560 ltaque
1045 3440 1081 3526 si
1106 3439 1217 3564 quid
1243 3433 1328 3530 hu·

256 3590 457 3679 manitus
478 3586 543 3674 illi
562 3584 749 3699 excidit,
772 3607 825 3674 ut
847 3608 979 3678 acute
1001 3588 1123 3681 dicta
1143 3613 1221 3682 aut
1240 3597 1329 3681 exi-

256 3740 347 3830 mie
372 3739 627 3866 excogitata
649 3737 921 3858 praeteriret,
944 3740 1017 3829 vel
1040 3773 1225 3832 sensum
1248 3745 1329 3834 Ca-

190 3983 198 3998 „
258 3891 360 3980 tulli
376 3888 502 4004 ¹falsa
534 3886 850 4009 explanatione
878 3891 926 3976 in
956 3925 1151 4013 pravum
1180 3893 1329 3984 detor-

258 4060 438 4165 queret,
460 4039 687 4164 corrigere
707 4042 1087 4156 tentavinmS,·ita
1106 4065 1262 4134 tamen
1280 4047 1329 4133 il-

255 4191 342 4280 lius
366 4189 652 4280 annotationi
667 4208 824 4279 nostra
841 4188 1065 4310 subjecta,
1086 4215 1137 4284 ut
1158 4192 1327 4285 arbiter
