2820 4992
317 411 387 478 DE
406 411 615 490 ¹METRIS
642 411 886 480 curuum.
1090 433 1137 503 ας)

95 547 190 612 Utitur
207 567 245 610 co
262 566 361 610 versu
380 543 535 612 Catrdlrrs
553 557 625 628 ter,
646 545 821 612 nimirum:

94 712 172 764 Canu.
196 727 238 779 17.
262 710 289 765 Ο
304 705 442 776 Colonia,
455 725 518 782 quae
534 706 615 783 cupis
629 719 719 784 ponte
734 705 834 763 ludere
848 706 953 782 ligneo.

196 789 239 843 18.
261 789 347 843 Hunc
360 784 457 842 lucum
472 783 525 842 tibi
539 785 643 852 dedico
657 805 867 863 consecroque‚
879 785 999 862 Priapo:

197 885 241 942 19.
262 868 348 922 Ilunc
362 881 433 941 ego,
443 863 583 941 juvenes,
598 865 711 937 locum,
722 865 908 942 villulamquc
924 865 1090 942 palustrem.

136 1027 207 1092 Vll.
230 1024 368 1117 Septimi
389 1024 519 1117 generis
544 1039 594 1092 est
614 1025 782 1093 lambiens
807 1037 998 1093 tetrameter
1024 1023 1143 1093 catale-

95 1145 171 1215 ctus,
185 1131 239 1224 qui
257 1144 388 1210 constat
408 1143 533 1224 septem
552 1130 710 1224 pedibus,
732 1145 766 1198 et
787 1121 911 1202 casura
935 1131 969 1198 in
995 1129 1071 1199 line.
1092 1129 1144 1200 Aa

95 1260 156 1302 eum
169 1261 268 1330 porro
281 1234 469 1304 faciendum
486 1251 660 1305 servantur
672 1237 803 1321 omnia,
819 1261 892 1330 quae
903 1236 946 1326 arl
961 1237 1145 1306 Iamblcum

96 1343 262 1411 trimetrum
277 1342 452 1435 pertinent.
472 1340 670 1435 Exemplum
688 1344 748 1410 sit:

197 1508 293 1564 Remu
311 1507 316 1582 Ι
335 1509 362 1566 tl
378 1505 426 1584 pail
448 1505 538 1584 {lirim
556 1505 560 1586 Ι
579 1506 650 1566 mthi
667 1506 672 1586 Ι
690 1509 785 1564 meum
803 1505 808 1586 Ι
826 1507 946 1583 qulld‘m
966 1507 971 1588 Ι
989 1509 1070 1566 volas
1089 1507 1094 1588 Ι
1113 1509 1142 1566 ῑῖ.

96 1665 129 1731 In
153 1667 296 1758 sequenti
316 1689 414 1734 versu
437 1681 487 1735 est
508 1667 1036 1761 amphibrachysv-vsecundo
1058 1668 1147 1754 loco,

96 1786 264 1866 anapaestus
285 1772 407 1840 tertio:

144 1934 281 2007 Quande
298 1933 304 2013 Ι
322 1935 426 1992 vlint
443 1933 449 2012 Ι
466 1934 542 1992 lteri
559 1932 565 2012 Ι
582 1936 644 1993 lites
661 1935 666 2014 Ι
685 1939 766 1995 osten
781 1935 790 2016 Ι
807 1936 872 1994 dito
890 1935 897 2016 Ι
915 1937 1005 1996 scltan
1022 1937 1028 2016 Ι
1046 1941 1097 1996 tes.

97 2093 283 2188 insequenti
305 2095 416 2162 aulem
436 2094 609 2188 spondaeus
628 2094 702 2164 loco
721 2099 879 2189 septimo:

146 2260 207 2314 luri
224 2257 230 2337 Ι
247 2257 338 2315 slltr'n
355 2255 360 2336 Ι
378 2259 453 2334 ρῖῑὸτ
470 2257 475 2336 Ι
494 2257 547 2315 ttbi
564 2258 570 2335 Ι
587 2257 670 2335 flagei
686 2258 693 2337 Ι
711 2259 802 2317 lacon
821 2258 825 2339 Ι
844 2259 942 2318 scribil
960 2263 965 2337 Ι
983 2262 1050 2318 lent.

99 2417 233 2488 Catullus
249 2420 341 2487 hunc
355 2418 489 2488 adhibet
504 2418 624 2508 semel,
640 2422 786 2488 carmine
803 2420 861 2492 25.

101 2553 104 2560 <
149 2584 260 2643 Cinaede
271 2585 388 2656 Thalle,
401 2586 518 2643 mollior
529 2586 654 2656 cuniculi
664 2543 777 2663 capillo·
898 2606 901 2612 ’

145 2747 231 2814 VIII.
252 2746 374 2814 Octavi
389 2748 516 2838 generis
530 2760 580 2815 est
593 2745 830 2834 Choriamhus,
847 2750 903 2840 qui
918 2765 1047 2821 constat
1060 2758 1153 2848 quin·

103 2874 154 2942 que
166 2851 322 2946 pedibus,
334 2852 489 2920 nimirum
505 2851 671 2945 spondaeo,
685 2853 790 2920 tribus
800 2853 999 2924 choriambis
1011 2891 1154 2920 -υυ-

103 2969 130 3022 et
145 2958 355 3052 pyrrhichio,
376 2971 432 3024 ut:

152 3127 257 3180 Ventos
275 3125 280 3199 Ι
297 3121 435 3180 irrtttser
451 3119 458 3198 Ι
475 3121 673 3180 reetnltblilr'rs
690 3123 696 3200 Ι
713 3125 804 3180 teitus
822 3122 827 3203 Ι
845 3125 922 3183 sinis.

106 3283 167 3352 Hoc
181 3309 296 3354 versus
311 3307 431 3378 genere
447 3285 634 3377 conscripta
651 3297 707 3354 est,
719 3287 847 3352 Horatii
866 3285 920 3354 lib.
940 3289 973 3374 I,
987 3289 1061 3358 Ode
1083 3291 1136 3360 18.

156 3448 283 3519 Nullam,
293 3451 386 3517 Vere,
400 3466 481 3506 sacra
492 3448 550 3504 vite
562 3447 643 3524 prius
658 3447 763 3504 severis
775 3447 917 3508 arborem.

108 3607 209 3678 Utitur
228 3635 268 3678 eo
292 3609 446 3681 Catullus
467 3607 567 3678 semel
588 3610 733 3679 carmine
754 3607 814 3680 30.

161 3773 288 3849 Alphene
299 3773 464 3844 immernor,
476 3783 562 3849 atque
576 3771 717 3830 unanimis
732 3773 800 3831 salse
813 3774 968 3834 sodalibus.

156 3923 211 3990 IX.
229 3925 319 3994 Noni
341 3925 469 4015 generis
489 3938 538 3992 est
555 3923 895 4018 Pseudo-phalaecius
919 3919 1162 4020 δεκαούλλαὸος,

113 4027 162 4116 qui
180 4029 215 4098 fit
233 4055 273 4098 ex
291 4029 420 4098 duobus
439 4029 622 4123 spondaeis,
640 4055 678 4100 ac
692 4031 797 4100 tribus
815 4032 964 4116 choreis,
986 4048 1039 4101 ut:
1072 4079 1075 4088 .
