2820 4992
74 479 86 518 '
266 403 403 469 FlllD.
433 397 576 467 GUlL.
606 401 920 470 DOERlNGll.
1104 397 1122 470 5

74 560 178 628 tissimo
204 561 316 628 animo
349 557 481 653 publice
513 558 696 653 profiteor,
723 583 777 626 me
808 583 850 626 ne
877 557 964 625 hanc
991 557 1124 651 quidem

74 689 316 786 qualemcunque
333 688 466 761 Catullo
481 714 603 760 navare
620 692 766 786 potuisse
786 713 940 785 operam,
957 691 1020 759 nisi
1037 715 1126 786 prar-

74 836 152 916 cepta
172 823 214 891 ab
236 826 372 917 Heymb
394 825 429 892 in
440 822 571 892 Tibullo
585 839 619 893 et
634 805 800 920 praecipue
809 820 952 916 Virgilio
970 819 1011 894 ad
1028 847 1127 892 omne

73 969 226 1046 poetarum
251 955 397 1026 studium
425 958 595 1052 proposita
621 971 751 1026 mature
777 955 1002 1043 imbibissem,
1025 971 1059 1026 et
1084 957 1128 1024 ad

72 1087 128 1178 ejus
147 1101 297 1158 normam
322 1090 461 1160 virtutes
487 1089 633 1184 poeticas
657 1104 691 1158 et
709 1088 870 1158 dictiones
890 1089 1022 1184 exigere
1044 1087 1126 1157 didi·

72 1221 181 1291 cissem.
199 1224 252 1293 Ne
265 1221 346 1316 quid
359 1223 590 1294 ostentationis
608 1245 706 1292 causa
725 1221 889 1307 facerem,
904 1235 939 1289 et
955 1220 1126 1291 ambitiose

71 1350 229 1422 adranam
248 1353 407 1424 doctrine
421 1351 592 1448 gloriolam
607 1351 837 1448 aucupandam
854 1351 1000 1447 undique
1015 1355 1127 1422 omnia

71 1485 283 1574 corraderem,
310 1511 379 1554 non
400 1484 506 1555 solum
528 1483 702 1581 diligenter
723 1485 803 1556 mibi
823 1487 922 1573 cavi,
946 1485 1004 1554 sed
1026 1489 1125 1556 ctiam
1181 1545 1184 1552 .

71 1614 229 1707 plurimam
252 1633 382 1714 partem
407 1644 544 1707 eorum,
573 1645 645 1714 quae
669 1617 749 1686 olim
769 1642 891 1713 magno
915 1643 991 1687 cum
1016 1618 1125 1688 studio

70 1771 101 1815 ex
123 1753 364 1821 commentariis
396 1750 535 1820 aliorum
563 1750 605 1819 ad
633 1748 803 1820 Catullum
835 1752 1126 1845 constipaveram,

18 1923 20 1950 J
70 1904 155 1971 quum
168 1907 288 1978 parum
303 1883 451 1953 utilitatis
468 1883 544 1953 inde
560 1883 602 1952 ad
616 1885 722 1978 po'ctae
739 1880 991 1978 explicationem
1008 1882 1127 1952 redun-

69 2009 133 2082 dare
147 2015 332 2105 videretur,
351 2017 479 2087 resecui
497 2014 549 2086 vel
569 2015 666 2112 plane
685 2014 802 2085 delevi.
825 2015 927 2106 Quod
948 2031 1059 2086 autem
1083 2017 1125 2085 ad

69 2143 286 2216 instituendam
307 2173 384 2218 cum
403 2150 549 2237 Graecis,
566 2175 584 2218 e
600 2149 719 2244 quibus
733 2161 824 2218 totus
842 2148 965 2219 Noster
983 2149 1123 2244 pendet,

68 2283 334 2374 comparationem
356 2295 502 2376 spectat,
522 2283 651 2350 animus
673 2296 740 2368 cst,
762 2282 789 2350 si
811 2283 904 2350 Deus
924 2283 1026 2350 vitam
1045 2307 1124 2352 con·
1230 2305 1233 2314 ·

17 2485 19 2498 ,
67 2414 201 2501 cesserit,
222 2411 288 2483 alio
305 2428 456 2509 tempore
476 2413 518 2482 ad
538 2412 726 2509 exemplum
745 2414 858 2504 studii,
881 2413 970 2509 quod
983 2414 1123 2510 Virgilio

67 2546 269 2618 cumGraecis
287 2561 481 2642 comparato
501 2546 579 2616 olim
600 2547 760 2643 impendit
781 2548 940 2634 Ursinus,
960 2549 994 2617 in
1013 2546 1123 2617 libello

66 2677 205 2766 peculiari
226 2680 412 2748 institutam
438 2677 561 2750 Catulli
588 2704 664 2750 cum
687 2681 812 2750 Graecis
840 2681 1122 2775 comparationem

17 2793 18 2800 ἵ
66 2831 246 2904 proponere.

106 2944 311 3014 Institueram
328 2945 460 3039 quidem
475 2947 620 3041 primum
636 2947 779 3014 rationes
795 2969 885 3015 meas
899 2948 964 3024 ita,
985 2958 1022 3013 ut
1037 2969 1123 3014 unus

66 3085 159 3147 tomus
178 3080 291 3148 omnia
310 3077 433 3148 Catulli
452 3080 599 3148 carmina
617 3077 918 3173 complecteretur3
940 3076 998 3147 sed
1019 3102 1123 3172 quum

65 3204 101 3272 ob
116 3211 206 3280 nimis
228 3211 344 3305 longas
368 3225 507 3307 propter
531 3225 742 3280 externarum
767 3235 879 3279 rerum
899 3210 1124 3280 conditionem

65 3339 134 3410 mihi
146 3343 310 3415 faciendas
326 3369 437 3414 moras
447 3345 523 3438 jure
541 3370 601 3414 suo
618 3345 728 3439 operis
745 3344 846 3414 finem
861 3359 996 3439 urgeret
1009 3344 1124 3414 hu'ma·
1243 3401 1252 3416 ,

65 3473 201 3547 nissimus
216 3478 291 3546 libri
303 3478 507 3572 redemptor,
520 3476 732 3562 Hilscherus3
748 3476 843 3546 facile
853 3477 1015 3547 adductus
1032 3502 1126 3565 sum,

64 3617 96 3670 ut
120 3609 234 3679 Catulli
262 3613 429 3695 carmina,
451 3636 571 3706 genere
592 3609 738 3705 elegiaco
761 3611 906 3705 scripta„
932 3610 974 3679 ad
996 3624 1126 3680 tomum

65 3743 229 3837 secundum
244 3769 464 3831 reservarem3
477 3769 593 3838 quern,
605 3745 631 3813 si
647 3743 689 3812 ad
703 3745 824 3827 otium,
839 3768 906 3837 quo
918 3768 1007 3811 nunc
1017 3741 1128 3812 fruora

65 3876 186 3965 pristina
206 3881 330 3969 animi,
349 3879 517 3974 grauiter,
540 3880 620 3949 dum
638 3879 710 3949 haec
734 3877 939 3964 scribebam,
960 3877 1049 3946 unici
1068 3875 1127 3946 filii

67 4024 161 4079 noue
192 4014 397 4108 perturbati,
431 4011 648 4107 tranquillitas
676 4027 709 4082 et
737 4013 896 4082 serenitas
923 4013 1125 4098 accesserit,

900 4159 938 4238 ι3
