2820 4992
298 405 344 452 22
490 381 559 448 DE
588 382 627 446 C.
646 381 885 448 VALERIO
915 381 1162 451 CATULLO

601 554 718 639 Idem,
737 553 792 624 lib.
809 558 864 638 II,
883 559 988 648 epigr.
1007 578 1066 649 71.

348 732 500 800 Protinus
522 744 580 802 aut
600 731 701 800 Marsi
718 733 854 816 recitas,
876 746 934 800 aut
952 731 1073 832 scripta
1094 732 1230 802 Catulli.

585 922 701 1007 Idem,
721 922 776 989 lib.
793 925 860 1006 IV,
880 929 985 1017 epigr.
1010 927 1065 1007 ι4.

270 1161 274 1182 ,
400 1101 453 1168 Sic
469 1099 581 1167 forsan
595 1112 688 1167 tener
704 1123 801 1166 ausus
816 1114 866 1171 est
886 1101 1040 1168 Catullus

401 1207 526 1298 Magno
541 1206 670 1272 mittere
687 1207 867 1273 Passerem
883 1206 1025 1274 Maroni.

618 1397 732 1484 Idem,
751 1399 806 1468 lib.
830 1402 872 1486 V,
888 1405 992 1493 epigr.
1014 1398 1047 1470 5.

351 1576 401 1643 Sit
413 1573 505 1642 loeus
519 1589 552 1642 et
564 1577 683 1642 nostris
699 1572 806 1668 aliqua
822 1575 881 1642 tibi
896 1589 989 1668 parte
1004 1574 1137 1662 libellis,

402 1682 478 1768 Qua
493 1679 602 1767 Pedo,
616 1705 681 1773 qua
696 1681 846 1766 Marsus,
866 1705 995 1774 quaque
1015 1684 1170 1752 Camlllo
1184 1686 1257 1752 erit.
1376 1767 1377 1772 ἵ

571 1873 678 1958 Idem,
696 1873 754 1940 lib.
782 1875 863 1960 VII,
884 1881 989 1969 epigr.
1015 1879 1069 1960 14.

276 2065 277 2072 ’
352 2047 480 2119 Accidit
494 2047 664 2122 infandum
681 2061 801 2116 nostrae
818 2046 939 2133 scelus,
954 2048 1054 2140 Aulo,
1076 2050 1215 2143 puellae:

405 2155 523 2223 Amisit
540 2152 630 2222 lusus
648 2151 843 2246 deliciasque
865 2178 948 2222 suas.
1055 2228 1057 2233 ,
1125 2205 1128 2214 ,

353 2263 430 2331 Non
449 2259 561 2353 quales
580 2261 683 2328 teneri
702 2257 844 2352 ploravit
857 2261 963 2332 amica
981 2262 1109 2331 Catulli

406 2365 548 2452 Lesbia,
570 2365 721 2458 nequitiis
742 2370 899 2436 Passeris
916 2365 999 2436 orba
1017 2369 1078 2438 sui.

572 2559 687 2644 Idem,
711 2557 766 2627 lib.
786 2561 890 2646 VIII,
909 2565 1015 2654 epigr.
1036 2559 1096 2654 73.

354 2744 477 2814 Lesbia
495 2743 650 2830 dictavit,
664 2743 763 2812 docte
781 2745 913 2812 Catulle
922 2695 1027 2828 ,tihi

598 2937 705 3022 Iderrr,
730 2936 784 3005 lib.
809 2941 853 3023 Χ,
877 2944 981 3032 epr'gr.
1002 2937 1062 3032 78.

353 3123 423 3192 Nes
445 3121 566 3194 multos
589 3122 668 3190 mihi
691 3121 844 3218 praeferas
861 3125 1009 3218 priores,

354 3233 431 3297 Uno
447 3228 502 3298 sed
519 3229 578 3298 tibi
596 3229 656 3298 sim
678 3229 786 3296 minor
808 3231 952 3299 Catullo.

580 3422 691 3509 Idem,
711 3422 765 3492 ls'b.
782 3423 856 3492 eod.
873 3429 976 3518 epigr.
1002 3424 1083 3496 103.

351 3611 423 3680 Nec
444 3631 502 3676 sua
525 3605 598 3701 plus
616 3607 717 3676 debet
733 3608 824 3674 tenui
838 3610 972 3677 Verona
998 3610 1142 3678 Cocalo.

579 3797 690 3882 Idem,
715 3795 771 3866 ab
792 3801 877 3884 XII,
900 3804 1005 3894 epigr.
1026 3803 1087 3884 44.

351 3984 471 4054 Lesbia
489 4008 565 4053 eum
582 3997 698 4052 tenero
713 3996 745 4052 te
763 3997 874 4078 posset
892 3991 1003 4054 amare
1024 3985 1170 4054 Catullo.
