2820 4992
210 467 211 474 κ
275 433 333 487 XX
602 433 864 490 Enlroals
897 432 1024 490 NOVI

275 544 634 674 ingurgitabant.
657 550 830 638 Graecia
849 567 982 670 capta
1005 547 1124 669 cepit
1141 544 1353 668 profecto

276 719 322 788 et
341 699 521 788 ornavit
538 697 689 787 ferum
707 702 948 814 victorem,
964 728 1206 820 nunquam
1223 699 1354 819 peni-

273 865 349 982 tus
360 850 607 975 mitigavit,
622 853 736 973 quin
747 851 943 939 insititiae
953 846 1111 970 populi
1125 846 1215 936 late
1229 849 1353 974 regis

272 997 550 1086 humanitati
582 997 774 1087 brutum
806 996 978 1122 aliquid
1008 1015 1054 1084 et
1091 993 1353 1084 belluinum

274 1145 478 1237 subesset
500 1182 645 1273 usque
669 1169 715 1238 et
736 1147 1087 1238 recrudesceret.
1127 1187 1130 1192 Δ

337 1296 677 1423 ignoscendum
716 1300 856 1424 igitur
897 1296 1077 1389 Catullo
1118 1293 1351 1409 censebis,

267 1447 420 1572 quod,
436 1448 633 1572 qualiter
645 1452 803 1538 Romae
816 1450 1059 1560 viveretur,
1075 1447 1352 1571 contagione
1406 1527 1407 1530 a

277 1630 325 1686 se
343 1599 576 1724 integrum
594 1631 856 1722 purumque
878 1612 974 1686 non
993 1597 1248 1685 servaverit.
1269 1598 1353 1685 Sin

276 1769 451 1862 autem,
480 1769 653 1872 quanta
681 1747 938 1862 dulcedine,
966 1748 1149 1872 quantis
1174 1744 1356 1834 blandi-

268 1897 522 2022 loquentiae-
549 1896 772 1987 illecebris
803 1897 958 2022 lingua
991 1895 1177 1985 Romuli
1210 1929 1355 2018 nepo-
1406 1983 1407 2008 ,

274 2068 379 2138 tum
399 2046 648 2160 demulceri
670 2049 894 2170 potuerit,
920 2048 1033 2136 scire
1055 2045 1186 2159 velis,
1211 2079 1355 2135 aurea
1406 2075 1407 2082 ‘

158 2269 159 2278 t
275 2197 396 2286 illius
417 2197 620 2287 carmina
641 2197 859 2323 perleges.
882 2199 947 2284 Te
965 2197 1134 2318 passim
1156 2194 1355 2287 delecta-

276 2345 397 2438 bunt
411 2368 461 2437 et
477 2349 723 2437 scariotem
739 2325 912 2436 dulcius
931 2349 1174 2460 ambrosia,
1196 2364 1241 2434 et
1254 2348 1356 2436 bra·

276 2497 468 2587 chzblum
488 2519 600 2588 teres
608 2499 772 2618 puellae
789 2517 835 2585 et
853 2498 1104 2585 solatt‘olum
1124 2496 1286 2585 doloris
1306 2517 1355 2586 et

276 2635 658 2768 turgidult'steado
678 2651 824 2762 ocelli,
852 2666 897 2736 et
920 2646 1063 2736 millia
1082 2644 1356 2736 dicendive·
1406 2673 1407 2732 ἕ

275 2825 443 2888 nerum
461 2801 556 2888 sine
576 2797 696 2888 fuco.
714 2799 819 2889 Noli
835 2797 1018 2888 credere
1033 2799 1153 2888 circa
1166 2817 1355 2922 tantum

274 2949 543 3039 mollicellas
560 2948 783 3074 quasdam
791 2982 925 3038 voces
944 2947 1239 3037 delinimenta
1261 2982 1357 3038 car·
1406 2959 1407 2982 ¹

276 3103 719 3215 minisversari3imo
728 3133 838 3189 vero
849 3100 1106 3222 conjunctis
1119 3101 1355 3222 aptissime

274 3273 323 3356 et
335 3248 908 3374 conspirantibusinunum
918 3248 1098 3340 delectu
1109 3270 1154 3338 et
1165 3282 1355 3373 compo·

231 3395 236 3408 ⁸
277 3405 440 3493 sitione
466 3403 735 3518 verborum,
760 3425 817 3492 et‘
835 3404 1099 3492 suavissima
1128 3435 1356 3492 sonorum

277 3553 533 3668 harmonia,
546 3575 591 3642 et
601 3555 859 3679 imaginum
869 3553 1146 3665 amoenitate,
1156 3549 1278 3640 felici
1289 3555 1357 3640 in·
1406 3597 1407 3602 Ν

278 3705 413 3830 genio
429 3725 720 3818 enascuntur,
734 3704 850 3792 sicut
861 3701 1061 3791 laetatam
1077 3734 1182 3792 rore
1198 3723 1356 3793 necta·
1406 3761 1407 3766 κ

275 3887 357 3944 reo
383 3853 594 3944 tellurem
624 3873 785 3977 sponte
812 3886 1021 3976 rosarum
1045 3853 1253 3977 germina
1275 3887 1357 3976 pe·
1406 3897 1407 3964 3

274 4007 585 4125 perisscTeius
600 4036 735 4092 senex
748 4001 952 4094 canebat.
964 4007 1035 4134 An
1051 4001 1357 4127 elegidiornm

277 4156 523 4276 specimina
570 4175 616 4245 et
655 4151 1057 4276 hendecasyllabos
1103 4157 1355 4244 amatorios
