2820 4992
296 427 343 498 32
402 392 558 496 VULPfl
581 428 796 496 DIATRIBE
816 429 878 496 DE
895 428 1066 496 METRIS
1085 429 1293 500 CATULLI.

296 560 395 628 finem
410 557 493 627 libri.
510 556 671 628 Nonnulli
685 558 773 652 apud
785 561 947 630 Nostrum
958 575 1138 630 occurrunt
1148 561 1360 657 hypermetrn

199 707 202 714 .
297 665 482 758 cujusmodi
498 678 576 734 sunt
589 663 730 757 exempli
746 687 860 734 causa:

376 829 449 912 Inde
465 839 550 919 pater
564 826 613 917 diu
620 846 669 890 um
683 839 781 918 sancta
796 846 863 884 eum
875 827 1014 918 conjuge,
1027 828 1166 905 natisque.

373 913 410 967 Et
422 928 474 986 qm
488 907 638 985 principio
652 904 736 964 nobis
754 918 859 964 terram
873 904 968 978 dedit,
983 919 1107 965 auctore.

348 1072 445 1138 XIII.
468 1071 598 1139 Decimi
616 1071 704 1138 tertii
723 1071 853 1164 generis
872 1085 922 1138 est
943 1073 1153 1139 Pentameter
1171 1069 1360 1168 Elegiecus,

297 1199 390 1270 aeque
412 1190 520 1244 notus.
538 1177 599 1244 Est
616 1190 726 1244 autem
746 1174 912 1265 Catullus,
933 1199 1026 1244 more
1047 1177 1272 1269 antiquiorum
1287 1202 1360 1272 poe-

297 1297 429 1366 tarum„
448 1283 487 1348 ,in
512 1281 578 1350 hoe
599 1306 719 1376 genere
742 1304 992 1374 nonnumquam
1014 1280 1361 1377 duriusculus32qualie

298 1392 385 1456 enim
405 1402 482 1455 sunt
499 1384 574 1455 illa!

376 1549 464 1628 Troja
477 1550 571 1608 virum
587 1564 616 1608 et
627 1551 768 1609 virtutum
782 1551 912 1608 omnium
927 1549 1032 1608 acerba
1046 1551 1127 1608 cinis.

379 1635 473 1702 Quam
488 1628 575 1686 modo
588 1629 639 1706 qui
655 1650 701 1688 me
716 1649 806 1690 unum
823 1643 909 1706 atque
926 1630 1042 1688 unicum
1059 1631 1182 1688 amicum
1196 1629 1307 1690 hebuit.

380 1712 474 1782 Vere,
490 1721 630 1786 quantum
646 1729 663 1766 a
678 1729 740 1782 me,
753 1707 874 1779 Lesbia,
891 1721 986 1766 amata
1001 1728 1065 1766 mea
1078 1729 1119 1768 es,

378 1787 486 1846 Divum
502 1788 539 1846 ad
556 1788 698 1847 fallendos
712 1787 969 1848 numineabusum
985 1788 1127 1848 homines.

377 1871 439 1926 Nec
452 1867 590 1926 desistere
607 1888 718 1940 amare,
733 1868 829 1926 omnia
845 1868 868 1926 si
886 1868 981 1927 facias.

296 2041 330 2097 et
350 2029 376 2097 si
393 2053 459 2122 qua
473 2044 550 2098 sunt
568 2028 631 2098 alid
651 2029 776 2099 similia.

349 2136 442 2204 XIV.
464 2137 594 2204 Decimi
611 2138 719 2230 quarti
736 2137 865 2229 generis
883 2150 933 2204 est
945 2133 1207 2224 ‘Galliambieus‚
1233 2136 1276 2206 de
1298 2159 1358 2229 quo

297 2240 373 2310 ride
392 2242 427 2309 in
448 2243 654 2336 Argumento
676 2242 718 2310 ed
738 2244 849 2310 Carm.
870 2243 994 2310 LXIII.
