2820 4992
305 417 375 482 DE
403 415 607 487 METRIS
637 411 881 482 CATULLI.
1085 433 1131 504 27

96 551 150 614 Hoc
165 571 279 640 genere
302 547 456 620 Catulm
473 546 578 614 utitur
595 557 730 638 quater,
746 545 901 617 nimirum
917 542 1063 612 camnine

210 711 235 770 4.
257 700 395 758 Phaselus
409 701 477 770 ille,
491 719 577 776 quern
593 697 713 767 videtis,
726 697 863 774 hospites.

191 800 235 838 ao.
257 784 320 858 Ego
334 779 412 850 hace,
427 798 481 856 ego
497 792 558 836 arte
575 776 713 838 fabricate
732 777 847 838 rustica.

190 879 235 935 ²9·
257 859 330 932 Quis
343 858 400 915 hoc
415 871 510 936 potest
523 857 641 929 videre,
657 857 721 934 quis
738 868 833 934 potest
847 856 916 932 pati.

29 1079 30 1086 Ι
94 1009 136 1076 illa
153 1035 248 1103 porro
270 1013 333 1078 tria
353 1013 499 1078 carmina
522 1023 675 1078 constant
695 1034 736 1076 ex
757 1008 912 1076 lambicis
929 1007 1030 1101 puris.

94 1118 227 1186 Emirtis
248 1131 282 1184 et
303 1119 394 1210 puris
412 1116 477 1184 hoc
496 1114 652 1184 lambicis
670 1128 735 1199 est;
752 1128 790 1181 ut
804 1113 904 1182 modo
922 1113 1009 1182 dixi:

191 1271 237 1328 52.
259 1270 338 1342 Quid
352 1283 411 1341 est,
427 1269 554 1340 Catulle,
571 1268 649 1345 quod
666 1269 787 1326 moraris
803 1267 916 1325 emori?

29 1459 30 1510 Ι
133 1425 188 1490 lll.
208 1421 361 1490 Succedit
384 1420 607 1518 superioribus
629 1419 870 1510 Choliambus,
900 1422 969 1490 sive
993 1424 1140 1508 Scazon,

29 1577 30 1580 η
94 1528 119 1592 in
135 1528 279 1596 omnibns
299 1527 497 1624 praecedenti
514 1527 732 1628 conveniens,
747 1527 773 1594 si
788 1525 872 1602 duos
888 1524 1022 1602 ultimos
1040 1527 1141 1622 pedes

94 1633 236 1728 excipias;
265 1636 386 1702 etenim
407 1634 523 1703 ordine
545 1647 747 1727 praepostero
771 1634 904 1726 quintus
928 1659 986 1727 pes
1012 1657 1141 1728 semper

94 1754 132 1806 est
146 1741 285 1825 iambus,
301 1737 437 1808 ultimus
455 1763 586 1833 semper
605 1738 798 1834 spondaeus,
819 1753 874 1807 ut:

192 1903 276 1960 Firlsc’
293 1901 298 1981 Ι
316 1906 347 1959 re
360 1907 441 1980 qr'ron
459 1903 549 1982 'llum
564 1907 618 1964 cun
637 1902 641 1980 Ι
660 1903 722 1960 didi
740 1900 745 1981 Ι
764 1901 817 1960 tibi
836 1901 840 1981 Ι
858 1903 941 1960 soles.
966 1965 969 1972 ,

93 2063 153 2130 H⁰⁶
169 2089 269 2158 denus
289 2088 309 2132 a
329 2062 462 2134 Catullo
480 2067 598 2158 septies
617 2064 816 2134 adhibeturs

29 2241 30 2308 J
92 2228 210 2284 Carmine
237 2228 265 2284 8.
286 2227 378 2284 Miser
392 2228 518 2299 Catulle,
536 2225 649 2286 desinas
665 2228 799 2304 ineptire.

29 2311 30 2324 ¹
213 2326 260 2364 na.
282 2306 420 2365 Suffenus
436 2305 505 2380 iste,
515 2311 593 2364 Vare
601 2351 610 2377 ‚
623 2326 710 2384 quem
722 2305 815 2385 probe
829 2308 914 2368 nosti.

214 2389 261 2444 31.
282 2384 519 2457 Peninsularum,
531 2385 650 2458 Sirmio,
663 2387 890 2466 insularumque.

215 2467 262 2538 37.
284 2465 371 2526 salax
387 2464 524 2538 taberna,
535 2484 645 2543 vosque
661 2465 892 2528 contubernales.

214 2547 262 2621 39.
283 2545 437 2623 Egnatius,
451 2544 532 2624 quod
548 2544 687 2604 candidos
703 2545 792 2607 habet
808 2544 917 2607 dentes.

215 2631 262 2693 tl.
284 2629 310 2684 0
324 2623 413 2682 funde
427 2639 539 2697 noster,
554 2644 604 2682 seu
620 2623 740 2697 Sabine,
753 2646 804 2683 seu
819 2624 934 2684 Tiburs.

216 2704 263 2779 59.
286 2705 478 2765 Bononiensis
492 2706 569 2762 Rufa
581 2705 722 2762 Rufulum
734 2705 822 2762 fellat.

134 2869 190 2940 lV.
211 2869 329 2956 Quarti
348 2869 477 2965 generis
495 2880 543 2936 est
562 2839 748 2962 Sapphicus
762 2866 1071 2962 hendecasyllabus,
1088 2872 1144 2963 qui
1219 2835 1226 2858 ‚

90 2987 206 3046 constat
222 3000 241 3044 e
260 2974 421 3060 trochaeo,
444 2973 622 3067 spondaeo,
639 2972 791 3067 dactylo,
806 2989 839 3042 et
859 2999 991 3046 rursum
1015 2976 1144 3047 duobus

90 3079 248 3168 trochaeis,
263 3095 321 3149 ut:

197 3231 265 3288 Sive
280 3229 312 3286 in
330 3225 335 3306 Ι
353 3233 435 3284 extre
451 3225 456 3306 Ι
474 3230 537 3286 mos
552 3227 625 3304 peni}
643 3224 648 3305 Ι
667 3225 755 3284 trabit
772 3224 777 3306 Ι
796 3226 885 3284 lndds

29 3437 30 3450 ,
90 3392 276 3465 quamquam
288 3370 454 3444 interdum
469 3383 569 3463 poeta
580 3381 693 3438 noster
706 3365 809 3436 altera
823 3371 857 3437 in
872 3371 948 3441 sede
964 3372 1145 3445 trocheum

91 3472 298 3549 collocaverit.
320 3474 481 3570 Exempla
501 3489 597 3544 sunt:

197 3627 255 3683 Seri
264 3625 304 3684 Sd
365 3624 456 3682 cassa
530 3622 625 3700 gitttss
675 3625 781 3700 rosque
823 3623 947 3685 Parthos

199 3708 294 3763 Pauca
368 3703 452 3762 nunti
522 3716 568 3762 ate
583 3721 628 3760 me
690 3723 766 3781 aepu
822 3704 884 3762 ellae

202 3785 252 3844 Oti
350 3787 465 3854 um,Ca
522 3783 631 3854 tullc,ti
682 3780 774 3840 bimo
822 3782 925 3844 lestum
941 3795 992 3843 est.

93 3924 131 3990 lli
151 3945 254 3998 autern
285 3953 400 3998 versus
424 3930 596 3998 abundant
622 3930 809 4026 semipede,
830 3931 886 4026 qui
911 3928 1107 3998 absorbetur
1128 3955 1146 4002 a

94 4033 186 4118 prima
203 4035 308 4106 vocali
330 4036 577 4132 subsequentis;
