2820 4992
456 427 750 488 ruarmo.
1031 425 1122 481 xvu

74 545 166 635 ditio
182 548 277 636 vati
295 543 527 658 deficeret,
554 575 704 635 naevos
722 540 928 631 versibus
951 543 1124 663 insper·
1171 565 1175 572 '
1225 527 1227 534 ’

74 729 131 784 sos
152 694 284 788 facile
309 727 578 817 persuasum
596 691 789 808 habeas,
817 693 853 782 si
876 712 1050 781 tersum
1076 713 1123 782 et

73 843 251 933 nitidum
279 863 325 932 et
353 844 573 968 exquisita
600 839 861 932 urbanitate
888 839 1126 930 conditum

74 993 226 1119 ubique
245 993 425 1083 dicendi
444 1026 588 1120 genus
607 991 877 1084 consideres.
894 995 1063 1082 Utrum
1077 993 1126 1080 in

75 1176 118 1232 eo
144 1143 477 1264 jucunditatem
510 1141 820 1233 inaffectatam
854 1143 1129 1270 elegantissi-

76 1326 275 1417 mamque
290 1294 626 1418 simplicitatem
643 1296 788 1421 magis
803 1291 1057 1407 admireris,
1069 1326 1129 1382 an

80 1444 434 1534 emendationem
444 1444 751 1560 illaboratum,
763 1446 837 1533 vix
854 1443 944 1534 dici
962 1440 1144 1566 potest'

76 1593 183 1708 Quid
199 1615 355 1686 autem
367 1594 538 1686 laboris
551 1595 746 1685 tolerare
760 1614 941 1719 poterat
955 1593 1131 1685 facetis-

76 1744 292 1834 simus'ille
305 1745 670 1867 voluptariorum
689 1745 931 1834 hominum
947 1744 1130 1859 sodalis

76 1895 136 1980 oui
149 1895 296 1983 omnis
314 1893 538 1983 industria
549 1927 604 1984 eo
622 1893 940 2017 spectabat,ut
956 1894 1131 1985 solutus

75 2047 186 2130 omni
209 2076 321 2134 cura
343 2041 589 2170 gauderet?
611 2047 824 2135 Carmina
847 2077 900 2134 ex
918 2044 1039 2134 illius
1057 2077 1134 2168 pe·

77 2211 204 2308 ctore,
218 2196 351 2319 quasi
369 2228 421 2284 ex
443 2215 602 2316 aperto
621 2192 766 2310 fonte,
786 2216 840 2285 ut
858 2227 1035 2310 amore,
1053 2215 1133 2285 aut
1227 2263 1229 2271 ι

75 2342 151 2456 ira,
167 2365 245 2434 aut
264 2333 426 2468 quovis
442 2343 611 2435 affectu
625 2365 909 2435 commotum
925 2366 1040 2460 erat,
1060 2345 1133 2434 vel

77 2489 310 2582 effluebant
321 2493 614 2608 molliter,vel
627 2496 803 2616 impetu
813 2493 1136 2617 erumpebant
1197 2585 1201 2594 ,

77 2643 177 2732 Vere
195 2645 396 2766 poeticas
416 2647 557 2732 animi
574 2642 703 2734 dotes
722 2677 748 2733 a
763 2664 929 2734 natura
945 2647 1133 2735 sortitus

77 2812 181 2907 erat3
205 2791 323 2882 nihil
350 2796 520 2882 eratin
544 2793 748 2884 sensibus
772 2815 867 2883 tam
887 2795 1133 2886 vehemens
1221 2773 1224 2778 ¹

77 2959 115 3027 et
127 2942 313 3056 elatum,
328 2943 443 3032 nihil
461 2945 510 3031 in
524 2941 662 3034 rebus
676 2965 773 3034 tam
789 2945 961 3072 grande
980 2966 1025 3035 et
1040 2979 1135 3035 ma·

79 3093 303 3212 griffinum,
323 3092 449 3217 quod
467 3092 542 3181 ille
565 3115 611 3182 et
626 3093 874 3220 'cogitando
894 3099 1072 3221 assequi
1090 3117 1135 3186 et

79 3237 255 3333 dicendo
289 3247 541 3368 exprimere
575 3277 670 3334 non
700 3245 884 3354 valeret.
922 3246 1009 3338 Sed
1044 3281 1135 3374 qua

78 3393 295 3486 marcebat
317 3428 464 3520 usque
486 3393 760 3509 desidiosus,
778 3395 927 3486 obfuit
949 3400 1135 3524 ingenio

77 3536 284 3658 luxuum,
314 3563 360 3632 et
385 3565 547 3633 natum
572 3541 629 3632 ad
652 3546 856 3672 ingentia
882 3547 1003 3635 inter
1025 3545 1138 3635 ludi-

77 3719 143 3778 cra
165 3691 372 3783 detinuit..
398 3696 505 3784 Haeo
534 3714 601 3782 est
628 3727 783 3808 causa,
808 3729 889 3794 eur
914 3698 1138 3792 inventio-
1197 3736 1211 3759 ν

75 3840 136 3928 nis
150 3864 193 3933 et
206 3845 549 3966 compositionis
564 3843 698 3934 laude
711 3849 903 3935 omnino
918 3850 1136 3961 caruerit,

75 3992 268 4105 partibus
292 3991 478 4120 quidem
506 3992 883 4117 perfectissimus,
909 4018 955 4085 at
983 3995 1139 4094 infelix

76 4146 211 4258 operis
234 4177 436 4260 summa,
459 4145 638 4270 quoties
656 4147 778 4235 intra
797 4166 1015 4271 angustos
1035 4181 1140 4271 poe-
