2820 4992
279 393 321 437 12
463 369 586 437 VITA
614 370 882 440 C.VALERII
912 371 1167 482 cA'rtJLLt:

272 481 458 566 nummaria
481 500 601 594 saepius
618 516 711 589 erat,
727 500 886 596 villasque
903 525 980 570 suas
997 502 1128 596 pignori
1145 503 1347 597 opponebat.

179 656 183 665 .
274 607 369 675 Hanc
389 629 469 674 vero
494 607 704 699 potissimum
727 631 862 679 causam
881 607 981 676 fuisse
1002 607 1221 695 crediderim,
1243 633 1349 703 quare

273 735 350 780 curn
383 711 631 782 iurisconsultis
661 729 695 783 et
721 715 943 801 Oratoribus,
969 728 1049 808 puta
1088 737 1165 782 cum
1191 714 1348 809 Alpheno

272 819 381 905 Varo,
400 818 530 887 Licinio
547 817 790 907 Calvo,Tullio
811 822 975 890 Cicerone
993 819 1122 890 assidue
1142 835 1348 907 versaretnr3

271 922 375 994 bomo
393 923 518 992 scilicet
536 949 600 995 aere
618 925 725 996 alieno
743 928 940 1011 obstrictus,
956 940 990 994 et
1004 925 1189 996 forensibus
1205 929 1348 1020 negotiis

271 1028 444 1112 distentus.
472 1028 645 1101 Lucellum
673 1034 784 1127 itaque
811 1031 961 1102 alicunde
988 1057 1204 1120 comesurus,
1236 1035 1347 1102 Mem-

272 1136 377 1204 mium
399 1149 574 1230 praetorem
594 1139 628 1205 in
650 1139 837 1233 Bithyniam
855 1136 953 1209 simul
973 1163 1049 1208 cum
1065 1161 1225 1232 germano
1243 1136 1348 1208 fratre
1401 1195 1402 1210 ,

273 1254 432 1334 sequutus
459 1257 530 1330 est,
551 1241 644 1314 nullo
666 1258 778 1314 tamen
806 1269 981 1333 successu;
1002 1244 1101 1339 idque
1126 1244 1171 1313 ob
1195 1247 1347 1340 praetoris
1401 1283 1402 1322 3

271 1345 420 1439 ejusdem
455 1349 590 1418 nimiam
625 1350 865 1445 cupiditatem,
898 1350 951 1420 vel
983 1365 1073 1420 certe
1100 1349 1345 1445 negligentiam.
1401 1375 1402 1384 ¹

220 1529 223 1539 Ι
272 1454 382 1522 Immo
391 1477 472 1523 vero
485 1477 588 1549 quum
599 1458 634 1524 in
644 1458 848 1550 provinciam
858 1455 1021 1526 Troadem
1035 1457 1198 1544 venisset,
1207 1456 1346 1525 fratrem

273 1583 387 1647 suurn,
403 1584 503 1654 quem
521 1587 613 1656 aeque
628 1587 667 1632 ac
683 1588 717 1632 se
732 1565 840 1658 ipsum
853 1562 1026 1659 diligebat,
1043 1565 1220 1632 immatura
1237 1579 1347 1632 morte

272 1681 474 1761 praereptum
501 1670 618 1737 amisit.
644 1670 752 1763 Hujus
782 1684 896 1765 postea
929 1669 1117 1755 cineribus,
1142 1694 1183 1737 ex
1212 1669 1291 1738 Asia
1313 1672 1346 1736 in

271 1771 400 1842 ltaliam
427 1789 615 1863 revertens,
640 1777 784 1844 maximo
807 1800 949 1844 moerore
973 1775 1159 1870 parentavit
1175 1801 1183 1843 :
1197 1775 1345 1867 ejusdem

271 1881 489 1968 memoriam,
511 1881 712 1975 ubicumque
740 1906 774 1951 se
796 1881 915 1950 obtulit
938 1883 1090 1965 occasio,
1119 1882 1203 1948 mira
1222 1883 1346 1974 pietate
1401 1873 1402 1948 l

272 2009 403 2079 semper
423 1984 535 2054 coluit.
558 1989 778 2082 Navigatione
800 1987 934 2057 demum
958 1986 1130 2073 absoluta,
1150 1985 1343 2080 phaselum,
1401 2017 1402 2048 2

271 2115 338 2185 quo
357 2115 447 2160 mare
463 2094 704 2181 transmiserat,
723 2095 854 2163 Castori
868 2108 901 2162 et
915 2075 1058 2177 Polluci,
1072 2092 1193 2161 habitis
1207 2117 1248 2160 eo
1266 2107 1346 2161 tem·
1401 2157 1402 2190 ,

271 2221 353 2292 pore
369 2200 503 2266 navium
526 2200 770 2286 servatoribus,
791 2197 909 2268 illustri
927 2201 1073 2268 carmine
1096 2196 1270 2267 dedicavit.

323 2306 502 2399 Postquam
524 2329 565 2372 ex
582 2306 718 2401 ephebis
740 2307 893 2392 excessit,
913 2306 946 2372 in
966 2305 1082 2374 castris
1101 2305 1222 2373 amoris
1244 2307 1345 2399 coepit

271 2409 433 2504 stipendia
459 2411 569 2480 facere
588 2438 595 2478 :
617 2414 651 2480 in
678 2413 793 2508 primis
820 2426 931 2480 autem
960 2409 1139 2496 Clodiam,
1173 2414 1344 2505 praestanti
1401 2475 1402 2492 ξ

270 2515 443 2585 mulierem
464 2517 595 2607 forma,
621 2542 722 2613 quam
744 2531 873 2586 mutato
895 2519 1028 2586 nomine
1047 2517 1201 2586 Lesbiam
1222 2541 1344 2586 vocare
1401 2585 1402 2596 ,

269 2625 458 2712 consuevit3
471 2622 705 2719 Hypsithillam
716 2623 1342 2718 quamdam,AufilenamVeronensem,
1401 2619 1402 2628 ’

270 2743 304 2798 et
320 2731 513 2798 luventium
532 2755 672 2825 puerum
692 2730 842 2824 deperiit.
858 2733 997 2800 Amores
1017 2753 1150 2824 quoque
1169 2754 1246 2799 suos
1263 2730 1346 2798 mol·
1401 2735 1402 2742 ’

268 2833 398 2905 lissimis
426 2837 575 2906 versibus
601 2835 817 2931 complexus,
844 2861 884 2904 eo
917 2836 1081 2906 scribendi
1107 2860 1227 2930 genere
1252 2835 1343 2904 haud
1401 2877 1402 2908 r

269 2943 432 3011 minorem
447 2957 670 3036 consequutus
686 2958 736 3012 est
751 2940 907 3038 gloriam,
923 2967 1023 3037 quarn
1044 2940 1177 3011 sublimi
1199 2967 1344 3036 vereque

268 3045 382 3118 divino
410 3048 746 3145 AEneidospoemate
772 3064 865 3119 vates
891 3047 1117 3118 Mantuanus.¹
1140 3049 1246 3118 Amici
1272 3049 1342 3142 ejus
1401 3039 1402 3044 ἵ

267 3153 402 3248 plurimi
416 3170 671 3244 enumerantur:
685 3154 858 3225 Cornelius
871 3157 1000 3250 Nepos,
1015 3157 1069 3224 cui
1083 3153 1230 3224 libellum
1245 3180 1341 3224 suum

269 3263 398 3329 muneri
417 3263 723 3349 misit3Verannius
740 3277 772 3331 et
790 3249 966 3346 Fabullus,
985 3263 1103 3331 Furius
1121 3275 1155 3329 et
1169 3261 1341 3346 Aurelius,
1401 3265 1402 3268 ’

214 3384 219 3402 ·
267 3367 413 3436 Licinius
433 3368 571 3456 Calvus,
586 3384 700 3438 orator
717 3369 912 3454 vehemens,
927 3385 961 3437 et
978 3368 1096 3438 nobilis
1110 3381 1225 3462 poeta,
1241 3393 1340 3462 quem

265 3475 366 3567 prisci
386 3476 563 3569 scriptores
582 3475 651 3544 fere
674 3500 804 3571 semper
828 3476 963 3548 Catullo
986 3475 1190 3569 adjungunt3
1215 3472 1339 3568 Alphe·
1401 3483 1402 3490 ’

266 3605 329 3649 nus
347 3582 477 3668 Varus,
494 3585 575 3668 JC.;
594 3582 762 3669 Caecilius,
784 3584 840 3676 qui
859 3582 900 3651 de
920 3582 1029 3650 Matre
1051 3585 1202 3649 Deorum
1221 3603 1340 3674 poema
1401 3647 1402 3666 ,

266 3689 531 3782 conscripserat3
554 3688 700 3758 Manlius
717 3681 934 3783 Torquatus,
955 3714 974 3757 e
999 3701 1096 3782 gente
1119 3688 1260 3782 patricia
1286 3713 1338 3754 ro·

263 3876 331 3931 illud
345 3883 413 3935 male
431 3881 505 3936 elicit
518 3881 649 3952 Vulpius;
668 3899 730 3934 nam
750 3881 779 3933 in
823 3857 957 3952 professus
979 3881 1087 3952 agebat,
1109 3897 1166 3932 rem
1186 3879 1288 3932 habuit.
1303 3877 1337 3928 N.

263 3974 296 4006 eo
309 3958 429 4016 Catullus
449 3981 505 4015 non
521 3980 582 4015 cum
604 3963 717 4024 lenone,
733 3959 779 4013 sed
868 3981 892 4014 1.
916 3956 984 4014 Pace
1010 3974 1072 4024 tua,
1096 3959 1219 4020 Catulle,
1246 3955 1337 4011 laudes

264 4053 325 4090 cum
342 4041 452 4096 homine
470 4041 516 4113 qui
534 4041 702 4096 lenocinium
726 4061 780 4094 non
826 4055 883 4094 tuas
899 4043 960 4112 plus
975 4060 1051 4111 aequo
1071 4039 1207 4093 extollenti
1225 4037 1336 4106 Vulpio,
